3102 5254
778 1417 903 1520 Caput
931 1418 954 1495 l.

377 1585 455 1689 De
493 1581 715 1689 lontibus
754 1591 835 1718 qni
877 1528 1088 1688 aetatem
1126 1583 1355 1687 tulerunt.

755 1872 804 1947 ne
833 1871 973 1948 Servio.

387 2025 492 2092 Servii
515 2027 549 2092 in
573 2026 711 2110 Vergilii
734 2026 876 2093 cannino
897 2026 1145 2093 commentarios
1169 2045 1189 2090 a
1212 2025 1450 2109 mythographo

280 2131 460 2214 exscriptos
494 2153 567 2198 esse
602 2152 672 2200 cum
697 2154 714 2198 e
737 2133 883 2215 plurimis
918 2132 973 2214 qni
1008 2135 1050 2198 nd
1073 2133 1203 2200 verbum
1221 2181 1222 2186 η
1241 2150 1310 2197 cum
1336 2133 1450 2199 Servio

177 2283 179 2288 -
275 2238 489 2317 consentiunt
511 2239 590 2307 locis
614 2240 732 2324 colligi,
757 2247 824 2306 tum
850 2263 867 2306 e
893 2241 1083 2322 quibusdam
1107 2239 1256 2322 vestigiis
1278 2239 1450 2322 perspicue

280 2347 494 2414 demonstrari
512 2353 636 2429 potest:
661 2347 703 2415 cf.
720 2347 788 2414 fab.
805 2351 863 2416 64:
967 2400 973 2414 .
998 2350 1084 2418 aadc
1107 2349 1226 2415 damam
1249 2371 1320 2415 eam
1338 2356 1450 2432 poeta

145 2506 149 2513 1
280 2456 464 2540 appellavit
482 2453 552 2536 quis
568 2454 622 2521 hic
637 2461 736 2537 poeta
751 2456 796 2521 sit
812 2475 876 2521 non
892 2454 1097 2539 intellegitur
1111 2453 1175 2520 nisi
1191 2473 1233 2520 ex
1247 2452 1340 2520 fonte
1356 2454 1452 2520 huius

279 2559 422 2643 fabulae,
447 2561 599 2628 videlicet
622 2563 737 2630 Servio
761 2565 801 2630 ad
826 2565 885 2630 Ge.
910 2563 1013 2641 1114,
1044 2560 1100 2628 ubi
1123 2561 1256 2630 Servius
1279 2562 1350 2629 sola
1374 2582 1452 2629 voce

275 2677 370 2754 poeta
409 2674 446 2734 nt
494 2669 527 2735 in
572 2670 800 2737 commentario
840 2670 1030 2754 Vergiliano
1068 2669 1245 2754 Vergilium
1296 2670 1451 2735 ostendit.

280 2775 415 2857 (Contra
448 2774 502 2856 qui
533 2776 603 2859 ipse
628 2796 754 2859 qnoque
783 2779 869 2844 hunc
892 2776 999 2845 Servii
1022 2779 1126 2844 locum
1151 2775 1335 2859 descripsit,
1360 2778 1453 2844 scho-

280 2882 379 2948 liasta
412 2882 511 2949 Statii
547 2884 601 2967 [ad
624 2885 725 2950 Theb.
751 2885 906 2968 V12891,
931 2890 1025 2951 recte
1050 2884 1202 2952 mutavit:
1230 2887 1316 2954 ande
1345 2886 1452 2971 Vergi-

280 2993 343 3058 lias
376 2992 494 3060 danaim
525 3015 596 3061 eam
630 2999 720 3061 cocat
754 2994 862 3061 diceas
885 2996 967 3078 ‚accio
1001 2999 1060 3061 aat
1083 2994 1271 3078 Eurysthea.
1299 2991 1453 3077 azrrlca‘.)

280 3098 363 3164 Item
398 3097 433 3164 in
466 3097 534 3165 fao.
561 3100 624 3165 182
659 3100 760 3164 verba
796 3102 869 3168 deae
901 3106 1004 3168 atatem
1036 3123 1153 3184 arcora
1180 3102 1209 3168 al
1232 3103 1346 3169 litaam
1369 3102 1454 3168 dedit

280 3203 398 3288 (sicin
423 3205 546 3287 codice)
571 3207 657 3286 apud
680 3206 784 3287 ipsum
808 3207 1077 3288 mythographum
1102 3205 1188 3271 omni
1207 3225 1305 3272 sensu
1322 3213 1452 3285 carent;

280 3313 409 3381 sivero
432 3311 555 3379 fontem
591 3310 659 3378 eius
693 3311 824 3378 fabulae
853 3312 958 3394 (Serv.
983 3314 1024 3378 ad
1047 3315 1129 3380 Aen.
1155 3313 1216 3378 VII
1242 3315 1317 3396 190)
1353 3314 1453 3394 inspi-

281 3421 410 3498 ciemus,
445 3420 626 3488 videbimus
657 3422 697 3485 de
722 3419 856 3503 Vergilii
886 3438 984 3487 versu
1010 3419 1181 3486 187=1ibri
1204 3420 1265 3488 VII
1289 3419 1452 3486 Aeneidos

282 3529 488 3612 cogitandum
512 3547 594 3594 esse.
636 3526 684 3594 df.
703 3526 800 3594 etiam
816 3526 882 3594 fab.
901 3529 964 3595 205
988 3527 1021 3592 in
1045 3527 1131 3594 fine:
1155 3530 1277 3597 Discite
1299 3531 1454 3596 iustitiam

281 3641 328 3706 ael
349 3659 439 3706 aaac
461 3640 499 3706 ia
509 3638 625 3725 poenis
640 3639 734 3706 locati
751 3638 795 3717 (v.
813 3655 912 3719 snpra
935 3655 966 3719 p.
987 3637 1049 3719 10),
1075 3643 1109 3702 et
1132 3635 1197 3702 feb.
1216 3637 1295 3701 228:
1314 3638 1454 3722 Physic-

281 3747 364 3831 loga'a
388 3768 473 3818 aero
497 3748 556 3812 laoc
578 3745 670 3813 habet
693 3746 737 3827 (v.
763 3761 861 3825 supra
884 3763 914 3825 p.
941 3743 985 3828 7).

386 3887 460 3954 Huc
492 3886 636 3968 pertinet
670 3886 767 3953 etiam
792 3888 876 3967 qnod
908 3885 941 3951 in
967 3885 1076 3952 codice
1111 3892 1186 3970 post
1218 3883 1361 3952 fabulam
1390 3888 1452 3953 195

280 3979 415 4080 legitur:
435 3998 576 4081 quinque
591 4003 668 4066 mant
692 3997 830 4062 Graecae
853 3995 1001 4079 linguae:
1015 3996 1153 4075 Aeolica,
1172 3995 1300 4076 Joaica,
1318 3995 1451 4071 Dorica,

280 4106 398 4188 Attica,
433 4105 618 4172 camarlais.
664 4103 799 4171 aomina
822 4108 936 4185 septem
970 4103 1094 4170 calliam
1132 4105 1170 4170 ia
1203 4104 1309 4170 Roma
1326 4114 1333 4164 :
1349 4103 1451 4169 Pala-

280 4214 377 4291 tinas,
414 4212 607 4294 Quirinalis,
644 4210 756 4292 Cellas,
793 4207 960 4276 Viminalis
994 4211 1040 4277 ael
1073 4210 1243 4295 Sataila'aas
1273 4204 1319 4290 (l),
1355 4209 1451 4276 Jaai-

281 4321 406 4402 calaris
431 4320 622 4387 Aventinae.
672 4315 777 4400 (Haec
812 4313 918 4380 Maius
953 4313 985 4380 in
1015 4315 1186 4382 editionem
1216 4335 1279 4381 non
1303 4313 1451 4399 recepit.)

280 4425 330 4490 De
366 4443 430 4507 qua
463 4444 498 4490 re
534 4423 613 4491 dicit
647 4423 818 4490 Rossbach
853 4419 887 4509 (l.
905 4421 924 4488 l.
942 4441 973 4507 p.
991 4423 1087 4509 410):
1126 4426 1222 4494 Diese
1255 4424 1453 4508 caffalleade
