3102 5254
792 443 1015 513 ...70-

319 637 444 728 grapho
461 643 661 726 conspirant·
679 644 722 709 'Il
739 639 873 710 Graecis
885 641 1026 709 'maxime
1043 641 1221 724 comparari
1237 647 1348 724 potest
1363 640 1503 724 Apollo-

320 749 416 818 dorus
451 750 616 838 (Epitome
640 752 654 815 Ι
679 753 764 818 1-6
800 750 921 852 [1173
945 763 1034 831 sqq.¹
1061 751 1076 814 I
1100 751 1142 815 24
1166 769 1196 832 p.
1224 751 1287 817 182
1322 749 1502 832 Wagner),

320 878 360 924 ex
384 877 446 940 quo
470 857 702 942 mythographi
725 863 839 924 auctor
861 853 1002 924 forsitan
1025 853 1206 961 hauserit
1277 867 1279 874 '

427 1002 501 1066 sab.
550 1002 575 1066 1.
1111 1029 1115 1036 ·

337 1101 340 1107 ’
427 1002 561 1187 Simili,
585 1126 648 1174 non
673 1110 783 1174 eadem
809 1109 909 1175 verba
932 1110 1018 1189 apud
1041 1107 1164 1190 HygIn.
1188 1105 1329 1173 tanao.

365 1225 368 1230 '
425 1235 455 1282 v.
483 1216 541 1281 13:
566 1215 675 1282 nescio
700 1235 741 1280 an
765 1234 824 1296 pro
841 1217 1066 1284 Thebanorum
1081 1213 1125 1280 sit
1141 1209 1345 1280 scribendum
1371 1215 1501 1300 Tiryn-

320 1324 468 1392 liciorum.

329 1641 331 1646 .
427 1465 502 1657 (Ἐξ
517 1465 613 1655 ἕξις
638 1573 669 1637 u
693 1577 714 1639 4
737 1592 768 1654 p.
786 1573 840 1638 43.
869 1571 967 1638 seno.
994 1531 1078 1638 suc
1104 1573 1163 1638 nn.
1190 1545 1238 1637 ui
1262 1571 1352 1655 acu.)

430 1698 503 1761 fab.
528 1696 586 1761 56.

430 1805 689 1886 Mythographus
713 1802 883 1870 confundit
897 1804 1063 1887 Harpyias
1087 1809 1122 1868 et
1138 1802 1383 1886 Stymphalides
1401 1824 1500 1886 aves;

321 1911 434 1977 similis
458 1911 666 1976 commutatio
689 1911 856 1977 invenitur
879 1913 963 1992 apud
990 1911 1074 1995 Hyg.
1098 1909 1166 1976 fab.
1192 1912 1245 1978 20.

429 2018 492 2094 (Ab
528 2017 600 2083 aliis
635 2017 876 2100 Stymphalides
912 2037 982 2083 cum
1007 2017 1252 2100 Hesperidibus,
1290 2036 1359 2082 cum
1386 2017 1501 2083 FurtIs

323 2123 573 2204 confunduntur,
598 2143 629 2191 v.
653 2124 809 2191 Rosoheri
835 2123 925 2191 lexic.
951 2127 1083 2208 mythol.
1108 2125 1125 2192 I
1151 2124 1260 2209 1843.)
1394 2163 1396 2170 ·

428 2245 502 2314 sab.
528 2249 585 2314 63.

429 2357 567 2422 Videtur
589 2356 664 2422 illas
688 2356 838 2422 Herculis
862 2375 1035 2423 aerumnas
1058 2354 1242 2422 fabularum
1267 2355 1408 2439 scriptor
1433 2377 1500 2438 quo

323 2463 503 2530 Vaticanus
527 2465 786 2547 mythographus
818 2482 895 2529 usus
920 2469 969 2530 est
993 2463 1098 2530 fusius
1122 2482 1284 2542 narrasse,
1308 2463 1362 2529 hic
1386 2468 1499 2530 autem

322 2574 391 2639 ideo
415 2573 591 2654 palarmo
615 2573 830 2640 iorueniuatuu
864 2570 1090 2653 inscriptiones
1114 2574 1240 2637 tantum
1266 2568 1389 2638 alierre
1414 2571 1501 2638 satis

323 2677 487 2744 habuisse.

430 2805 461 2851 v.
486 2786 543 2850 30:
569 2788 626 2850 sed
650 2791 757 2850 tamen
782 2783 848 2851 fab.
875 2787 937 2851 192
962 2787 1044 2851 haec
1070 2784 1196 2867 plenius
1219 2791 1405 2851 narrantur.

431 2911 504 2976 sab.
534 2909 589 2974 77.

431 3018 509 3083 Idae
535 3016 645 3081 mirum
670 3017 769 3083 telum
795 3018 836 3082 ab
860 3016 932 3083 aliis
956 3036 1019 3084 non
1044 3023 1318 3083 commemoratur.

431 3125 516 3208 Hyg.
542 3123 607 3189 fab.
634 3125 693 3191 8οε
730 3124 847 3189 Castor
880 3125 1044 3208 Lynceum
1079 3123 1248 3205 interficit,
1284 3129 1351 3189 tum
1388 3126 1500 3208 gladio

323 3232 403 3297 Idae
428 3231 546 3298 occidit
569 3229 623 3308 (ci.
649 3230 810 3296 Theocrit.
837 3232 889 3308 22,
918 3233 979 3298 135
1003 3232 1099 3313 squ).

432 3338 526 3406 Ouid.
562 3338 652 3404 Fast.
689 3338 717 3403 V
753 3339 818 3404 699
842 3353 929 3420 sqq.:
969 3337 1120 3422 Lynceus
1160 3335 1340 3418 Castorem
1382 3339 1500 3405 Pollux

325 3445 489 3530 Lynceum
515 3444 641 3512 occidit.

258 3631 260 3638 Α
431 3573 462 3619 v.
483 3554 524 3619 10
546 3572 604 3634 pro
621 3555 766 3622 Dioni-so
789 3552 992 3619 scribendum
1010 3571 1081 3619 esse
1098 3556 1233 3622 Hiluiro
1251 3551 1331 3618 dicit
1347 3552 1499 3618 Kuhnert

325 3659 358 3726 in
382 3654 541 3726 Roscheri
564 3659 668 3725 lexico
693 3679 719 3726 s
744 3678 774 3726 v.
799 3659 1035 3741 Leukippiden,
1059 3660 1094 3723 II
1119 3661 1214 3726 1991.

434 3785 507 3849 sab.
532 3784 590 3850 79.

433 3891 574 3958 Solinnm
611 3891 714 3974 ipsum
754 3891 984 3976 mythographi
1019 3897 1184 3958 auctorem
1216 3910 1280 3957 non
1304 3909 1376 3958 esse
1400 3910 1498 3974 snpra

326 4000 546 4066 demonstravi
582 4001 625 4081 (p.
652 4002 716 4082 11).
764 4001 885 4065 Eadem
911 4019 951 4066 cx
974 4002 1085 4065 eodem
1109 3997 1201 4064 fonte
1224 3999 1360 4080 praebet
1383 4001 1497 4065 scholi·

326 4112 400 4172 asta
423 4106 547 4172 anani
570 4127 602 4188 p.
627 4107 692 4171 639
717 4104 877 4192 (Weber),
901 4108 943 4172 ad
966 4105 1114 4173 Pharsal.
1139 4105 1218 4172 VIII
1241 4106 1316 4171 419.

457 4214 620 4278 ,3-34

433 4232 464 4386 ζ.
489 4216 621 4388 3ξ-38
646 4319 770 4512 letiam
795 4324 881 4403 apud
905 4320 1063 4388 Isidorum
1088 4319 1177 4403 Orig.
1203 4319 1283 4386 VIII
1308 4321 1360 4398 11,
1384 4321 1438 4386 86.

432 4446 464 4494 v.
489 4427 617 4494 40-41
1198 4429 1201 4434 ’
