3102 5254
487 1329 490 1336 ⁴
534 1283 790 1457 Praelatio.
848 1407 850 1412 ·

185 1597 446 1679 Mythographus
481 1596 535 1678 qui
570 1597 687 1662 dicitur
710 1585 890 1664 Vaticanus
908 1598 1054 1680 primus
1079 1598 1111 1663 in
1143 1599 1246 1664 lucem

76 1702 184 1769 editus
209 1710 261 1769 est
283 1702 418 1785 primum
444 1705 485 1770 ab
510 1705 635 1788 Angelo
655 1702 786 1790 Maio‚1)
811 1705 929 1771 deinde
951 1726 971 1771 a
995 1707 1034 1772 G.
1052 1706 1094 1774 H.
1111 1705 1247 1790 Bolon)

77 1810 183 1876 Huius
218 1811 293 1876 libri
328 1813 410 1876 unua
442 1817 570 1876 tantum
594 1813 696 1877 codex
718 1811 968 1894 manuscriptus·
981 1811 1134 1890 innotuit,
1159 1810 1249 1877 Vati·

77 1936 178 1983 canus
208 1917 404 2001 Regimensis
429 1919 525 1997 1401,
557 1919 650 1984 cuius
680 1918 842 2000 scriptura
869 1918 956 1985 Maio
992 1920 1034 1985 ad
1068 1920 1179 1990 Xvel
1202 1919 1250 1984 XI
1359 1992 1362 1999 ,

76 2025 239 2090 saeculum
271 2024 444 2090 referenda
467 2024 642 2106 videtur.³)
687 2025 892 2092 Maiuscum
917 2025 992 2092 libri
1015 2025 1248 2092 secundi'sub·

77 2131 297 2218 scriptionem,
322 2131 406 2225 falso
441 2131 567 2217 legeret
591 2131 747 2213 ,Explicit
776 2131 862 2198 liber·
880 2134 1046 2222 socundus*
1060 2133 1100 2198 d.
1126 2131 1248 2215 Hygini

75 2239 283 2317 fabularum‘,
318 2239 507 2320 scriptorem
545 2239 579 2304 C.
605 2238 768 2322 Hyginum
804 2241 962 2320 quendam
999 2258 1077 2304 esse,
1101 2239 1248 2321 putarim

77 2351 215 2412 secutus·
244 2352 295 2411 est
318 2364 389 2412 eum
410 2346 452 2412 G.
478 2347 519 2412 H.
543 2348 642 2424 Bode,
679 2347 733 2426 qui
756 2346 827 2428 ipse
850 2345 989 2412 codicem
1014 2365 1079 2411 non
1101 2345 1249 2424 contulit,

76 2460 177 2534 atque
212 2455 383 2518 enucleare
419 2460 555 2519 conatus
590 2460 641 2519 est
665 2453 736 2534 quis
759 2452 814 2519 ille
848 2455 881 2518 C.
908 2453 1060 2537 Hyginus
1083 2459 1170 2518 esset
1193 2452 1247 2530 (cf.

77 2560 171 2625 Bodii
195 2559 351 2641 praefate
367 2581 396 2641 p.
422 2561 500 2626 XIV
524 2571 623 2641 sqq.);
656 2559 711 2625 alii
735 2560 977 2638 existimabant,
1002 2580 1072 2626 cum
1099 2559 1248 2643 Hyginus

77 2666 276 2736 clarissimus
315 2667 497 2732 fabularum
537 2662 677 2748 scriptor
716 2673 828 2734 notus,
849 2666 984 2745 fuisset,
1015 2666 1095 2733 „eius
1133 2686 1248 2732 nomon

79 2775 317 2857 mythographo
341 2775 501 2840 Vaticano
526 2774 653 2839 nomine
678 2774 805 2850 carenti
823 2774 964 2866 ‘inditum
989 2771 1104 2860 essai)
1152 2773 1249 2840 cuius

185 2968 212 3037 1)
231 2967 426 3023 classicorum
455 2971 606 3022 auctorum
636 2984 652 3022 e
671 2967 823 3022 Vaticanis
842 2965 992 3023 codicibus
1011 2965 1158 3023 editorum
1178 2970 1248 3024 tom.

77 3057 120 3111 Ill
136 3074 167 3128 p.
188 3057 282 3123 1-82‚
301 3057 414 3112 Romae
435 3060 513 3114 1831.
724 3097 726 3104 ,
824 3099 826 3104 ¹
904 3103 906 3108 .
963 3119 967 3126 ,
1117 3125 1119 3130 ,
1178 3100 1182 3105 .

184 3148 211 3216 2)
230 3145 396 3217 Scriptores
409 3163 507 3201 rerum
520 3145 717 3218 mythicarum
730 3145 832 3201 Latini
845 3149 914 3215 tres,
924 3163 952 3217 p.
964 3148 1059 3212 1-ua‚
1070 3144 1160 3201 Oellis
1172 3149 1248 3202 1834.

185 3235 324 3290 Ceterum
343 3233 522 3291 monendum
542 3239 588 3291 est
601 3234 748 3291 editiones
761 3233 972 3306 mythographi
984 3251 1087 3306 parum
1101 3233 1249 3304 sufficere,

79 3341 165 3393 quam
193 3328 228 3378 ut
255 3324 297 3380 eis
324 3324 519 3381 fundamento
547 3324 592 3380 usi
619 3325 699 3380 locos
725 3328 878 3396 corruptos
906 3323 1064 3380 emendare
1091 3323 1248 3395 possimus:

78 3413 114 3467 ci.
133 3415 166 3471 O.
186 3413 336 3469 Rossbach
365 3412 406 3471 (in
434 3413 577 3469 Fleckeis.
604 3414 698 3470 annal.
724 3416 784 3480 131,
804 3417 881 3482 409):
991 3415 1035 3469 dic
1052 3415 1249 3487 Vcrplcicbump

78 3505 124 3559 der
138 3504 323 3573 Hcmdscbrift
342 3506 397 3570 but,
410 3504 529 3576 crpcbcn,
548 3507 612 3560 duas
626 3506 704 3560 Maia
720 3504 856 3574 Abdmcclc,
874 3500 989 3560 melchom
1003 3503 1079 3560 Bode
1097 3504 1149 3560 mit
1161 3505 1249 3562 uiclcu

78 3593 284 3664 Dmiclcsedlerm
302 3595 465 3662 wicdcrbolt,
484 3595 515 3650 in
530 3595 610 3664 jeder
629 3595 786 3665 Bcziehunp
810 3595 991 3664 cupcudyend
1009 3593 1055 3650 ici.
1092 3593 1177 3650 Nicbt
1194 3611 1249 3648 mur

78 3685 139 3738 aiud
158 3683 201 3738 dic
219 3684 370 3755 allcrdc'uyc
387 3683 463 3739 recht
481 3683 818 3756 lidufiycadblrttrmmqen
829 3685 872 3752 oft
883 3683 973 3753 foloch
988 3683 1101 3755 patesco,
1121 3699 1149 3737 ec
1159 3684 1249 3754 findet

78 3774 135 3829 sicu
154 3773 302 3830 acciocche
317 3791 408 3844 yrcaac
421 3773 529 3828 Aaron
542 3771 836 3852 Flr'c'ehiiqlccitafcbler.
868 3773 962 3828 Gauzc
981 3775 1099 3840 Wd'rlcr,
1114 3774 1149 3843 ju
1168 3774 1249 3850 Sdtzc
1271 3789 1277 3806 ⁸

78 3864 141 3918 aiud
168 3863 343 3932 auapcloscca
370 3863 429 3919 clud
448 3862 514 3918 ciclo
535 3861 735 3933 umberccbtiptc
753 3851 938 3934 liuderunpcu
956 3879 1169 3934 *ccryenommem
1212 3865 1248 3918 So

78 3952 149 4022 picbt
167 3953 212 4007 dic
231 3953 418 4023 Haudacbrift
436 3953 520 4024 plaut
538 3970 622 4024 pepon
641 3953 719 4008 mue
738 3969 789 4006 ceu
808 3950 828 4005 I
842 3957 862 4006 2
881 3953 993 4017 ‚Athene
1015 3951 1090 4007 dictu
1109 3956 1148 4007 eet
1166 3953 1247 4018 urbm‘,
1336 3971 1339 3978 ⁴

79 4042 153 4096 riicbt
172 4042 305 4106 ,Athenae
323 4043 412 4098 dictae
433 4044 506 4098 auot‘
526 4057 551 4096 e.
565 4059 593 4111 q.
607 4057 628 4095 s.
660 4039 705 4095 uf.
719 4038 810 4095 etiam
828 4037 982 4095 Michaelis
1001 4039 1122 4112 (Apulei
1134 4039 1248 4109 Psyche
1277 4073 1280 4080 ·

80 4134 110 4184 et
127 4129 252 4200 Cupido,
272 4129 317 4186 ed.
337 4131 368 4187 Ο.
381 4131 468 4197 Jahn,
488 4128 534 4186 ed.
547 4130 574 4186 V
591 4128 685 4201 praef.
704 4146 733 4200 p.
746 4129 825 4194 ΧΠ).

184 4221 211 4289 3)
231 4218 267 4274 cf.
287 4219 348 4274 Mai
366 4218 438 4278 edit.
457 4219 550 4290 praef.
569 4219 634 4291 p.V
653 4221 685 4275 et
703 4218 735 4274 Ο.
746 4218 896 4275 Rossbach
914 4218 945 4274 in
964 4217 1149 4276 Fleckeiseni
1161 4222 1249 4274 anna·
1269 4232 1272 4237 ·

80 4307 153 4364 libus
173 4310 224 4366 131
243 4326 272 4380 p.
282 4311 342 4367 loa.

183 4397 213 4471 4)
232 4395 269 4456 cf.
288 4397 571 4470 Teuffel-Schwabe,
591 4399 697 4456 Gesch.
716 4397 744 4456 d.
763 4397 899 4459 rdmiscb.
918 4398 1038 4456 Litter.⁴
1056 4415 1084 4470 p.
1097 4400 1141 4454 71.
