3102 5254
570 437 790 514 ..19-

201 637 267 707 Hic
290 641 555 726 mythograpims,
580 647 618 708 ut
640 642 733 720 solet,
764 644 893 710 Graeca
916 659 1000 724 quac
1023 639 1057 708 in
1080 636 1173 720 fonte
1196 615 1267 706 ine·

83 755 169 815 runt
196 749 316 816 omisit.

201 890 419 972 Relinquitur,
453 898 489 958 ut
522 898 705 959 statuamus
729 898 901 973 utrumque
929 891 1117 974 scriptorem
1143 909 1182 956 ex
1206 890 1267 956 eis·
1361 975 1364 980 Ι

85 1001 166 1064 dem
201 996 349 1064 tontibus
382 999 541 1066 hausisse.
600 1001 745 1065 Eandem
782 999 979 1065 seutentiam
995 1021 996 1026 ¹
1013 996 1180 1080 professus
1216 1003 1268 1064 est

85 1095 332 1187 Jungmaun11)
363 1109 522 1192 plerisque
541 1110 624 1190 iocis,
649 1110 703 1175 ubi
725 1129 848 1174 mumma
871 1107 956 1175 inter
978 1114 1146 1191 utumque
1167 1108 1266 1191 serip-

86 1219 190 1281 torem
213 1215 386 1282 similitudo
409 1216 582 1299 intercedit,
609 1237 659 1283 res
681 1217 729 1281 ita
752 1221 934 1298 comparata
956 1220 1011 1296 est,
1035 1220 1071 1280 nt
1094 1213 1268 1282 diiudicari

85 1330 238 1405 nequeat,
273 1328 381 1388 utrum
415 1345 475 1389 sua
504 1323 680 1390 Vaticanus
708 1323 959 1408 naptiropraphus
981 1345 997 1389 e
1021 1321 1190 1407 Faalpentio
1213 1345 1266 1388 ex·

87 1432 251 1514 empserit,
287 1451 333 1497 am
362 1431 474 1514 potitus
507 1430 568 1513 irie,
604 1429 638 1498 id
670 1431 754 1512 quod
789 1429 868 1498 mihi
890 1431 955 1498 ueri
981 1431 1109 1496 uidetur·
1131 1429 1269 1496 similius

88 1559 165 1616 esse,
198 1539 301 1604 eodem
333 1559 396 1620 quio
416 1539 468 1604 iiie
490 1539 582 1621 tonte
606 1560 684 1604 tuscos
706 1541 854 1622 mysticus
876 1559 953 1605 suus
974 1537 1198 1622 explicationes
1221 1540 1267 1630 V:

89 1666 154 1727 que
177 1645 369 1728 scriptorum
399 1645 578 1712 testimonia
610 1646 778 1712 addiderit.
825 1643 923 1709 Tales
946 1642 1104 1725 mysticae
1129 1641 1268 1723 explica·

88 1750 204 1814 tiones
229 1747 307 1814 alibi
331 1768 457 1831 quoque
481 1755 518 1815 ut
542 1752 626 1832 apud
644 1750 790 1818 Servium
807 1749 1039 1828 inveniuntur;'
1058 1747 1100 1819 ci.
1118 1749 1208 1816 Serv.
1227 1751 1268 1814 ad

91 1858 175 1922 Aen.
200 1856 297 1927 147:
328 1859 457 1945 physici
489 1856 599 1927 Jovem
634 1861 795 1942 aetherem,
832 1861 866 1928 id
889 1866 934 1925 est
956 1863 1061 1945 iumen
1083 1862 1193 1926 uolunt
1215 1859 1267 1924 in-

90 1967 202 2051 teiiepi,
217 1951 219 1955 ¹
236 1965 400 2034 Juuonem
432 1989 504 2034 ruere
538 1973 649 2050 adrem,
682 1973 711 2034 et
744 1968 894 2049 quoniam
928 1969 1081 2034 tenuitate
1112 1965 1189 2032 duee
1211 1967 1267 2031 ele·

91 2077 201 2138 aiente
220 2074 320 2155 paria
342 2081 426 2156 saint,
451 2075 604 2141 diamant
626 2097 690 2140 esse
710 2096 873 2158 permane.
920 2075 1145 2156 sedquoniam
1167 2073 1267 2156 duno,

92 2179 153 2245 irae
184 2185 228 2245 est
258 2184 314 2246 air
344 2181 497 2248 subiectus
529 2188 572 2246 est
595 2173 683 2267 ipat,
715 2181 751 2248 id
781 2188 824 2248 est
855 2179 940 2263 Jooi,
972 2183 1043 2248 iure
1073 2182 1268 2264 superposito

92 2289 241 2352 elemento
276 2289 386 2354 mariti
418 2289 572 2356 traditam
606 2309 722 2356 nomeu
756 2293 800 2354 est
833 2283 888 2368 (ci.
914 2288 956 2351 ad
979 2287 1059 2351 Aen.
1080 2285 1098 2350 Ι
1122 2287 1174 2352 71.
1199 2284 1266 2370 78).

94 2390 260 2473 Imprimis
283 2398 391 2458 autem
415 2399 566 2458 monente
582 2393 792 2475 Jungmanno
817 2393 863 2475 (p.
881 2393 924 2457 50
939 2394 1013 2458 adn.
1033 2391 1081 2479 1).
1101 2390 1268 2458 conferen-

95 2501 157 2564 dus
182 2506 234 2564 cst
258 2499 391 2565 Servius
415 2503 456 2565 ad
481 2499 770 2582 Georg.11139l:
794 2502 983 2585 Endymion
1007 2525 1130 2569 amasse
1153 2502 1269 2568 dieitur

94 2609 237 2674 Lunam.
285 2609 342 2690 qni
372 2613 494 2692 spretas
520 2611 612 2692 punit
633 2631 748 2692 pecom
773 2610 1001 2676 candidissima
1024 2615 1051 2674 et
1073 2611 1118 2677 sio
1140 2630 1209 2675 eam
1230 2609 1266 2674 in

94 2737 168 2780 suos
192 2715 304 2781 inlesit
327 2717 509 2798 amplexus:
532 2717 622 2783 maias
644 2719 691 2784 rei
713 2719 836 2802 mystici
858 2718 969 2782 odunt
984 2717 1150 2797 peraridum
1171 2737 1266 2782 seere-

95 2827 158 2887 tum
195 2843 259 2888 esse
291 2825 457 2889 rationem.
505 2821 597 2904 Quae
632 2825 771 2888 redeunt
805 2824 892 2903 apud
915 2821 1109 2887 Vaticanum
1144 2821 1268 2903 mytho-

95 2928 256 3009 graphan
293 2925 358 2992 iub.
388 2930 463 3006 229,
499 2929 554 2994 ubi
590 2929 686 2994 ctiam
723 2929 861 3011 mystica
894 2927 952 2993 illa
985 2928 1214 3009 interpretatio
1249 2947 1269 2992 a

96 3033 211 3101 Servio
228 3035 458 3115 praetermissa
474 3036 572 3116 plena
588 3035 753 3117 exscripta
769 3040 834 3113 est;
858 3036 935 3100 item
952 3037 1042 3116 apud·
1054 3034 1148 3118 Fuig.
1166 3035 1267 3114 1116,

96 3140 150 3221 qui
186 3146 296 3206 tamen
331 3161 435 3223 neque
470 3141 624 3209 fabellam
660 3143 763 3225 ipsam
799 3143 900 3207 habet
933 3147 967 3207 et
1000 3145 1040 3207 de
1064 3160 1122 3207 suo
1146 3141 1268 3223 aliquid

95 3248 236 3313 addidit:
272 3253 498 3320 Eudimioaem
533 3259 688 3334 pastorem
711 3249 838 3334 (Luam)
874 3273 996 3318 amasse
1030 3251 1268 3336 dieitur'dapio

95 3359 214 3424 seilicet
241 3360 342 3440 modo,
372 3381 430 3424 sesa
462 3360 546 3440 qaod
576 3360 702 3442 ruimus
734 3360 899 3426 hominnm
928 3359 1108 3426 Endimiom
1141 3381 1268 3426 euersum

97 3466 194 3530 trinae
215 3467 380 3536 inrreaerit.
412 3465 549 3532 undeet
573 3466 705 3551 tripircta
740 3487 845 3533 anuos
879 3465 1031 3532 dormisse
1064 3466 1182 3532 dieitur
1213 3467 1269 3548 qui

96 3573 180 3638 mihil
215 3572 295 3638 aliut
326 3573 363 3639 in
398 3573 463 3637 nita
496 3593 557 3638 sau
591 3573 657 3640 nisi
695 3573 771 3640 haio
803 3575 976 3657 repertioui
1007 3575 1149 3655 dadau,
1188 3576 1269 3640 sicud

98 3680 250 3746 Mnaseas
272 3680 310 3745 iu
327 3681 435 3765 primo
459 3680 537 3746 libro
561 3681 599 3746 de
621 3679 756 3763 Europa
778 3681 916 3747 scribens
934 3681 1075 3764 tradidit,
1099 3682 1163 3748 sive
1186 3681 1270 3762 quod

94 3792 253 3869 pastorem
269 3785 498 3855 Endimiouem
513 3810 633 3854 amasse
647 3787 760 3870 fertur,
777 3788 861 3868 quood
875 3790 1026 3856 nocturni
1041 3791 1125 3856 roris
1143 3789 1268 3862 humor,

98 3915 188 3975 quem
210 3915 347 3976 uaporem
369 3896 508 3961 siderum
532 3901 624 3977 atcere
647 3896 749 3979 ipsius
773 3896 870 3962 lunae
892 3898 1079 3963 animandis
1101 3895 1269 3962 umbonum

97 4003 182 4066 sucis
205 4001 371 4084 insurdant,
407 4003 620 4085 pastoralibus
649 4006 750 4086 prosit
777 4004 977 4070 succcessibus.
1024 4002 1087 4067 Hic
1109 4002 1211 4089 igitur
1235 4008 1269 4066 et

100 4106 230 4173 Servius
265 4114 300 4173 et
337 4109 596 4190 mythogrnphus
635 4109 815 4176 Vaticanus
854 4116 887 4175 et
926 4110 1119 4193 Fulgentius
1157 4110 1268 4174 eodem

100 4219 230 4280 auctore
253 4215 303 4280 usi
329 4223 415 4281 suut.

206 4447 232 4513 1)
252 4443 440 4514 quaestiones
454 4443 681 4518 Fulgentisuac:
695 4449 771 4504 Acta
784 4446 936 4504 societatis
949 4445 1050 4517 philol.
1060 4445 1165 4519 Lipsl
1182 4463 1210 4519 p:
1221 4451 1268 4504 tu.
