3102 5254
782 412 1001 488 ..30..

415 613 489 682 sab.
514 613 560 682 52
585 636 603 682 θ
627 613 659 683 S.
687 614 744 682 Ge.
769 616 816 682 HI
841 618 881 683 19
905 636 935 698 p.
954 618 1029 694 275,
1044 627 1132 692 11¹..sp
1185 631 1186 638 ¹
1535 689 1536 716 1

414 743 444 791 v.
472 727 513 792 18
552 724 684 791 Servius
726 743 783 806 pro
823 727 991 794 liberaliter
1028 729 1164 810 sarecepit
1207 723 1307 790 habet
1345 727 1494 811 suscepit
1535 725 1536 738 .

307 834 453 916 hospilio.

415 938 489 1003 sab.
509 938 555 1004 53
580 957 597 1002 e
622 939 654 1005 S.
679 941 737 1004 Ae.
762 938 777 1002 I
801 938 866 1004 570
889 958 920 1020 p.
939 939 1013 1016 173,
1027 972 1089 1012 14.

395 1061 491 1128 leb.
509 1061 555 1130 54
578 1081 596 1127 e
620 1063 652 1128 S.
677 1063 735 1128 Ae.
759 1063 822 1129 VII
846 1063 909 1132 697
935 1081 965 1143 p.
985 1064 1059 1140 184,
1076 1098 1150 1138 7-12.

414 1189 445 1237 v.
471 1171 514 1235 25
546 1173 589 1237 ael
615 1174 779 1257 papales
811 1174 867 1254 qai
899 1172 1083 1238 dicebantur
1112 1170 1232 1238 Cimini
1261 1173 1308 1238 ael
1332 1195 1354 1236 a
1377 1178 1491 1238 marite

308 1281 355 1345 rel
371 1301 392 1345 a
408 1281 488 1346 lacre
528 1278 665 1358 papulus
693 1279 892 1347 Cirriaaram
909 1295 1068 1357 nunquam
1086 1275 1159 1342 fuit.
1193 1277 1342 1358 Apparet
1358 1279 1490 1360 mytho·
1537 1273 1538 1312 ³

308 1385 466 1465 graphurn
499 1385 645 1450 Servirrm
684 1383 769 1468 falsa
807 1382 1021 1464 intellexisse,
1062 1384 1116 1462 qui
1156 1383 1234 1450 aicit
1267 1386 1308 1449 ad
1344 1383 1490 1466 Vergilii

310 1509 451 1557 versum:
478 1493 522 1558 Et
547 1491 689 1560 Cimini
711 1515 789 1558 carn
813 1498 935 1559 marite
957 1491 1081 1572 laaaa]
1105 1498 1132 1557 et
1155 1494 1241 1559 laras
1264 1499 1294 1558 et
1316 1515 1412 1560 meae
1427 1495 1490 1560 lroc

308 1600 437 1665 naariae
460 1601 646 1682 appellatur.

416 1721 489 1790 sae.
509 1720 665 1808 57‚1.-15
691 1741 708 1786 e
732 1721 764 1788 s.
789 1722 847 1800 Ae.
872 1721 921 1788 vi
944 1723 1009 1787 395
1032 1741 1062 1804 p.
1081 1723 1236 1800 cet-..

416 1847 491 1911 sab.
515 1845 561 1910 59
587 1866 604 1910 e
629 1847 661 1912 S.
687 1848 745 1913 Ae.
770 1846 819 1912 III
842 1848 907 1913 402
931 1867 961 1929 p.
980 1849 1055 1925 414,
1072 1882 1146 1922 ⁶40.

415 1975 445 2022 v.
473 1957 515 2022 18
536 1979 591 2022 eea
613 1955 677 2024 Ilii
700 1974 764 2019 nan
788 1957 874 2036 apud
899 1955 991 2022 Serv.
1539 2019 1540 2046 p

415 2081 446 2128 v.
475 2064 513 2126 14
538 2060 742 2126 scribendum
766 2079 824 2143 pro
847 2065 954 2130 Aelaa
971 2063 1081 2142 :Oeta
1106 2060 1147 2126 ef.
1173 2062 1262 2128 Bade
1286 2063 1328 2126 ad
1352 2063 1384 2126 h.
1410 2063 1432 2128 l.

416 2185 490 2249 fab.
516 2185 565 2249 60
591 2205 608 2250 e
633 2186 665 2252 S.
689 2187 746 2250 Ae.
772 2187 853 2252 VIII
879 2188 943 2252 342
967 2206 998 2268 p.
1017 2187 1193 2264 illim-19.

414 2312 444 2358 v.
470 2294 511 2358 32
537 2292 644 2357 Scri:
668 2317 746 2378 arias
770 2317 849 2362 acris
872 2295 1050 2380 alsticerat,
1074 2296 1211 2362 Atlreais
1235 2344 1242 2359 .
1269 2345 1275 2360 .
1302 2345 1309 2358 .
1540 2369 1541 2398 1

415 2419 444 2465 v.
471 2401 513 2463 33
548 2387 760 2465 scribendum
784 2404 1017 2469 misericoraiae
1062 2399 1140 2485 (iarn
1176 2400 1207 2464 in
1248 2400 1354 2468 Servii
1391 2401 1485 2466 libris
1540 2401 1541 2412 ’

308 2513 494 2587 corruptum
519 2511 586 2570 est:
611 2505 652 2572 ei.
677 2507 704 2571 L
727 2532 817 2593 arape
839 2508 869 2572 H
894 2509 985 2588 mae).

414 2633 444 2679 v.
471 2615 527 2679 35:
561 2617 644 2694 quod
681 2617 782 2680 codex
817 2616 917 2680 habet
950 2617 1123 2683 Herculeas
1145 2617 1237 2699 farra
1260 2623 1305 2682 est
1326 2618 1485 2700 farrdasse

307 2728 434 2806 repetes
458 2720 555 2785 etiam
579 2723 665 2802 apud
689 2722 846 2799 Servium,
878 2722 932 2802 qui
956 2723 1003 2787 ita
1026 2721 1125 2787 Statii
1149 2740 1262 2789 versus
1294 2723 1396 2787 Theb.
1414 2723 1483 2788 XII
1541 2771 1542 2778 .

308 2829 372 2894 497
398 2847 444 2907 sq.
471 2829 643 2894 contraxit.

414 2949 492 3044 fab.
514 2952 572 3039 62,
584 2986 669 3028 Μ
696 2973 714 3018 e
738 2955 770 3022 S.
795 2955 853 3018 Ae.
878 2951 926 3020 VI
950 2955 1013 3021 287
1039 2973 1068 3035 p.
1087 2956 1215 3032 bke-e·

415 3077 488 3142 sab.
513 3076 558 3141 64
583 3098 601 3142 e
626 3077 658 3145 S.
684 3078 742 3144 Ge.
767 3077 862 3144 1114
887 3098 918 3160 p.
936 3081 1011 3157 272,
1025 3114 1115 3153 Μ.

415 3201 489 3266 sab.
514 3202 561 3266 65
586 3221 603 3266 e
627 3203 659 3269 S.
685 3203 743 3270 Ge.
769 3203 819 3268 III
843 3205 864 3267 5
888 3203 1113 3285 5272154.

416 3327 490 3392 sab.
516 3327 562 3390 66
588 3347 605 3392 e
630 3327 661 3392 S.
687 3329 744 3394 Ae.
769 3329 846 3395 VIII
872 3330 936 3396 190
958 3349 989 3409 p.
1008 3329 1083 3408 227,
1098 3364 1173 3403 ⁸4⁶.

415 3455 445 3502 v.
471 3437 490 3500 2
516 3437 623 3502 Sera:
649 3436 753 3504 Cacus
776 3437 949 3505 eecaadraa
971 3437 1116 3520 fabulam
1137 3439 1270 3506 Valcarti
1286 3439 1382 3522 filias
1404 3441 1479 3523 ferit,

308 3567 361 3612 are
383 3547 487 3630 ipram
510 3567 548 3610 ac
569 3545 694 3628 famam
717 3567 852 3612 romare.

415 3669 444 3716 v.
470 3652 490 3714 3
525 3675 615 3734 qaera
651 3653 803 3718 Hercules
838 3651 949 3717 accidit
983 3653 1055 3717 add.
1090 3653 1203 3734 myth.;
1240 3652 1331 3718 Serv.
1356 3653 1479 3734 pergit:

308 3761 422 3826 aerilas
459 3764 563 3828 laarea
602 3761 775 3826 scoriadam
809 3749 984 3844 plrilalapae
1021 3766 1051 3825 et
1088 3760 1253 3827 historicas
1287 3760 1346 3827 lroc
1379 3762 1478 3843 lralet,

308 3867 395 3933 laiac
417 3869 517 3950 (trisse
541 3867 692 3934 Eaarrdri
713 3868 941 3950 aeqaissimraa
965 3889 1088 3933 sarran
1113 3890 1150 3934 ac
1180 3867 1292 3943 sarem.
1331 3871 1480 3936 accimus

308 3980 410 4039 autera
446 3975 564 4039 malam
589 3996 610 4039 a
634 3976 764 4042 Graecis
797 3968 899 4034 κακόν
934 3975 1017 4040 clici:
1051 3995 1142 4056 quem
1176 3977 1223 4040 ita
1258 3975 1311 4041 illa
1345 3981 1479 4059 tempere

309 4082 449 4147 Arcades
482 4081 693 4164 appellabant.
739 4087 845 4158 pastea
879 4083 1033 4147 translato
1072 4086 1202 4148 accentu
1240 4081 1342 4147 Caras
1377 4083 1479 4149 arctas

308 4196 362 4270 est,
398 4193 433 4252 at
455 4180 565 4270 ‘aleva
588 4189 723 4256 Helena.
771 4191 873 4273 ipaem
908 4194 1009 4256 aretem
1046 4190 1148 4256 dietas
1181 4194 1225 4256 est
1251 4211 1373 4256 camere
1396 4192 1479 4272 qaod

309 4316 402 4380 apros
424 4296 497 4376 ipae
515 4296 740 4379 papalalalar.

415 4397 488 4464 sab.
509 4398 555 4464 67
579 4420 597 4466 c
621 4401 653 4468 S.
678 4403 736 4467 Ae.
760 4399 795 4466 II
819 4403 837 4465 7
862 4420 892 4482 p.
910 4401 985 4479 213,
1001 4436 1076 4476 μη.
