3102 5254
563 367 784 434 ..39-

12 550 14 561 '
76 565 221 631 Jusorois
243 571 271 632 el
294 565 487 651 Hypsipyles
495 589 507 648 ,·
541 568 596 649 ooli
630 569 764 634 ullorum
798 568 911 635 hahere
938 576 1119 636 craterarum
1140 590 1257 636 riolcurt

74 671 194 754 fertur,
224 723 231 736 .
257 721 263 734 .
290 721 296 737 .
321 679 348 740 ot
370 675 503 764 ullorum
528 676 697 741 uocabatur
720 681 851 758 upulre
874 727 881 741 .
908 725 915 738 .
941 727 947 742 .
987 674 1079 757 Quae
1094 693 1174 739 vera
1192 691 1256 738 non

8 790 9 801 ¹
74 784 125 842 ast
164 779 364 856 emendatio,
399 797 484 860 nam,
520 785 558 844 ut
590 780 661 862 ipse
697 779 776 845 dicit
806 781 905 858 Bada,
942 783 1036 846 duos
1071 800 1111 846 ex
1133 782 1256 846 Jasoue

6 968 7 979 ἵ
73 884 166 950 filios
195 885 382 967 procreavit
407 886 599 970 Hypsipyle,
635 887 781 952 Euneum
807 889 840 952 'et
865 888 1057 966 Thoantem,
1087 907 1168 969 quos
1199 907 1257 970 pro

74 1011 139 1058 uno
167 993 274 1058 hahet
296 994 563 1076 mythographus.
602 994 701 1059 Immo
718 1011 795 1061 vero
810 993 859 1059 ita
874 994 1077 1060 scribendum
1095 1002 1257 1077 apparet:

4 1110 6 1145 ³
72 1101 271 1184 Josouo'doa,
294 1103 362 1184 filu·
384 1101 526 1170 ‘loconis'
540 1108 569 1170 et
592 1104 806 1188 Hypsipylea·
835 1125 973 1186 ¹cocorum
997 1107 1075 1172 ulter
1098 1103 1163 1185 (vel
1186 1107 1258 1172 culte·

3 1175 7 1323 ἶ
73 1210 170 1286 roam)
206 1211 415 1276 hallero...
451 1211 585 1293 feritur.
611 1261 618 1276 .
644 1213 806 1278 ‚adulter
835 1209 1007 1277 uocabatur
1032 1261 1037 1275 .
1065 1261 1104 1276 ..
1152 1209 1258 1296 (Quod

4 1328 39 1412 ἰ
74 1313 211 1380 initium
235 1317 411 1384 Josoaidco
435 1321 620 1397 corruptum
654 1321 736 1393 erat,
772 1313 871 1380 etiam
906 1316 1078 1397 sequeutia
1108 1315 1141 1382 in
1166 1317 1258 1398 peius

2 1439 3 1453 ¹
74 1427 213 1487 mutata
235 1428 321 1500 sunt,
353 1421 379 1487 si
413 1418 504 1487 modo
528 1422 634 1488 Maius
658 1427 747 1487 recte
770 1421 876 1507 legit)
922 1423 1019 1489 Hauc
1042 1423 1144 1506 igitur
1166 1422 1258 1488 iabu-

3 1510 4 1575 Ῑ
74 1529 140 1592 lam
169 1531 216 1594 ad
239 1528 464 1610 explicandam
494 1547 604 1596 vocem
628 1531 806 1598 Jusouiduo
829 1529 967 1604 narrari,
1000 1549 1110 1596 omnes
1133 1530 1258 1596 intelle·

3 1670 5 1733 3
74 1641 180 1718 gunt;
214 1654 294 1716 quae
327 1655 391 1703 vox
416 1655 573 1717 nusquam
598 1635 661 1702 uisi
685 1639 772 1717 apud
796 1635 936 1704 Statium
963 1637 1081 1723 (Theb.
1106 1639 1153 1705 VI
1178 1636 1257 1722 318)

74 1743 221 1825 legitur:

193 1852 272 1918 Ecca
294 1860 322 1919 cl
344 1853 373 1917 J
373 1854 562 1920 cs-ouo'due
587 1854 722 1934 lucunas,
746 1873 832 1920 atauo
852 1855 957 1936 clorio
979 1855 1094 1920 matris

192 1960 395 2044 Hypsipyles,
419 1961 542 2026 achiam
566 1961 647 2044 iuqo,
673 1965 1016 2044 quoruncumque

192 2089 328 2134 nomeu
351 2089 417 2134 auo
438 2070 582 2151 ceurila
605 2067 732 2134 Thous
754 2073 867 2148 utque
891 2071 1011 2136 omine
1035 2068 1159 2136 dictus

192 2175 343 2241 Euneos
366 2174 500 2260 Arqoo.

77 2297 129 2361 hd
156 2315 238 2378 quos
272 2315 389 2364 versus
424 2317 506 2378 quaa
541 2296 720 2364 scholiasta
743 2298 889 2379 adnotat,
924 2316 994 2363 cum
1020 2299 1258 2381 mythographo
1328 2389 1330 2394 ,

77 2423 144 2469 non
171 2403 395 2474 consentiunt:

211 2529 317 2613 Myth.
342 2528 407 2595 fab.
437 2531 513 2596 199:
775 2529 873 2595 schol.
899 2530 1001 2594 Theb.
1027 2531 1075 2595 VI
1099 2531 1179 2598 318:

79 2635 272 2714 Jasouidae,
296 2635 359 2702 iiiii
374 2635 508 2702 Jasouis
525 2643 559 2703 et
575 2638 642 2720 Hy·
698 2635 783 2700 Ecce
808 2643 843 2701 et
858 2635 1035 2702 Jasouidae
1052 2635 1198 2723 iuvenes]
1219 2639 1258 2702 de

5 2838 6 2843 ἵ
79 2744 245 2828 psipyles3
268 2762 403 2824 quorum
421 2744 508 2810 alter
522 2746 642 2810 habere
697 2743 821 2808 Jasoue
846 2751 879 2808 et
896 2741 1080 2826 Hypsipyle
1097 2747 1160 2810 duo
1188 2744 1258 2809 nati

81 2858 266 2916 maternum
281 2870 397 2916 nomen
413 2850 529 2931 fertur,
543 2851 575 2916 id
593 2856 643 2916 est
698 2855 775 2915 sunt
810 2849 871 2915 iiiii
890 2849 1024 2915 :Thoas
1058 2857 1092 2916 at
1116 2851 1257 2928 Euneos,
1308 2933 1309 2937 Ἰ

4 2989 6 3041 ;
80 2958 203 3036 Thoas,
238 2957 314 3038 quia
348 2963 451 3024 mater
480 2957 548 3024 eius
571 2957 643 3023 iilia
699 2975 830 3037 quorum
845 2959 1145 3023 Thoasmateruum
1161 2977 1256 3025 avum

82 3064 243 3132 Thoantis
267 3069 348 3142 erat,
383 3071 417 3130 et
440 3066 525 3131 alter
548 3084 643 3132 voca·
698 3063 825 3129 nomine
836 3063 953 3142 refert,
971 3064 1103 3129 Euneos
1119 3070 1259 3131 vocatur

80 3174 179 3239 batur
204 3193 223 3238 a
248 3178 342 3254 patre
366 3171 560 3254 navigatore
579 3171 643 3237 Eu·
698 3170 782 3236 alter
820 3170 934 3237 uminis
972 3189 1072 3236 causa
1107 3191 1126 3238 a
1164 3177 1258 3252 patre

4 3352 5 3369 χ
81 3299 175 3361 neoc,
208 3278 285 3360 quia
317 3259 355 3342 εὖ
378 3277 502 3344 Graece
526 3278 644 3344 dicitur
699 3277 906 3360 navigatura.
918 3275 941 3362 ¹)

80 3387 175 3465 bene,
200 3390 277 3469 νηῦς
300 3386 418 3451 dicitur
441 3385 550 3467 navis;
580 3387 642 3452 Eu-

4 3538 5 3553 ,
81 3513 164 3559 nens
189 3492 282 3574 quasi
305 3495 387 3558 bene
410 3493 582 3575 navigans.

191 3617 352 3698 Imprimis
383 3617 436 3683 hic
460 3617 586 3683 Graeca
609 3616 846 3695 desiderantur,
880 3635 962 3696 qrrae
985 3618 1257 3700 mythographum

81 3724 292 3802 Vaticanum,
325 3743 418 3805 quem
454 3744 554 3806 supra
587 3724 680 3791 docui
702 3728 753 3787 'ut
777 3727 923 3789 Graecae
953 3721 1085 3806 linguae
1109 3722 1256 3806 ignarum

81 3831 163 3897 alibi
186 3829 267 3896 talia
290 3817 448 3911 omisisse,
472 3851 564 3898 nemo
589 3831 668 3897 dicit
691 3827 875 3896 additurum
900 3828 1012 3896 luisse.

192 3955 271 4022 Fab.
291 3958 352 4021 171
378 3955 523 4024 scholion
548 3962 600 4022 est
623 3955 711 4023 vocis
727 3956 914 4040 Lycormas,
939 3973 1022 4035 quae
1047 3960 1156 4020 exstat
1172 3956 1258 4035 apud

3 4056 5 4085 '
82 4067 169 4132 Stat.
196 4063 297 4129 Theb.
321 4064 366 4129 IV
390 4065 464 4131 837.
507 4061 764 4129 Commentarius
789 4068 896 4128 autem
915 4081 1007 4143 quem
1025 4083 1084 4130 nos
1104 4063 1258 4128 hahemus
1307 4141 1309 4145 ¹

82 4169 153 4237 alia
176 4170 278 4236 habet
300 4178 399 4252 atque
423 4172 696 4254 mythographus:

194 4365 221 4432 1)
241 4363 330 4420 Certe
349 4363 534 4422 scribendum
553 4365 726 4439 uooiqotore,
746 4362 784 4421 ci.
803 4363 896 4436 myth.
916 4363 983 4420 Vat.
1092 4374 1094 4380 '
