3102 5254
545 415 764 483 „55-

63 611 147 681 Tros
184 612 211 680 I
212 618 263 682 Ius
296 613 495 683 Laomedocc'
516 615 675 684 Priamus.
723 615 802 684 Item
826 615 905 684 Tuci
930 616 1026 700 filios
1059 615 1240 685 Assaracus

64 721 177 807 Capye
211 724 365 791 Anchises
399 724 525 790 Aeaeae
547 725 710 792 Ascanius
733 724 898 809 Euryleon
923 725 1048 806 Iulius·
1079 724 1240 792 Iuliorum

59 852 141 914 geres
168 832 212 898 ud
235 829 397 898 Caesarem
421 831 601 915 Augustum
624 831 790 898 decredit.
905 899 907 903 Α
1047 851 1049 856 ·

11 979 13 1052 i
179 953 224 1038 (v.
241 946 373 1023 39-40
397 951 438 1020 of.
463 953 528 1020 DS.
553 957 610 1018 Ae.
635 953 652 1020 I
677 955 752 1022 273.
797 954 828 1020 S.
854 955 913 1020 Ae.
937 954 957 1018 I
980 956 1054 1022 284.
1079 954 1126 1019 VI
1151 951 1240 1040 777.)

62 1059 175 1126 Aliam
201 1061 424 1144 genealogiam
461 1067 559 1142 etque
584 1061 840 1144 mythographus
864 1060 966 1127 affert
989 1061 1054 1128 DS.
1079 1062 1138 1128 Ae.
1163 1061 1241 1127 VIII

64 1169 133 1234 130
160 1174 197 1234 et
218 1169 316 1234 schol.
342 1168 448 1234 Vatic.
474 1167 531 1234 Ge.
555 1168 669 1238 11135
692 1188 724 1250 p.
738 1170 812 1233 277.

179 1310 253 1375 sab.
276 1309 347 1398 147,
360 1333 462 1387 Μι
497 1312 578 1376 haec
610 1329 627 1376 e
662 1310 890 1377 commentarIo
925 1314 967 1377 ad
1001 1314 1059 1376 Ae.
1093 1312 1141 1378 IV
1175 1313 1240 1376 471

63 1423 203 1499 sumpta
225 1419 378 1484 videntur
402 1424 445 1498 (v.
464 1421 505 1484 19
522 1439 592 1500 sqq.
609 1425 686 1484 sunt
708 1438 726 1483 e
755 1419 867 1485 Servio
891 1423 932 1485 ad
952 1419 1087 1484 eundern
1114 1418 1241 1501 locum).

11 1533 12 1564 ³
65 1523 117 1590 of.
148 1525 211 1591 DS.
237 1525 294 1591 Ae.
319 1526 364 1591 IV
388 1527 450 1590 471
477 1525 650 1612 (111331).

181 1668 253 1732 sab.
278 1667 340 1735 165
365 1687 479 1735 essee
504 1669 733 1734 commentario
757 1671 798 1734 ad
823 1688 892 1734 eum
917 1671 1031 1747 Iocum,
1056 1687 1118 1750 quo
1137 1687 1243 1750 poeria

66 1775 205 1857 Sisyphi
239 1775 444 1855 describitur,
480 1778 658 1842 ostendunt
690 1778 793 1842 verba
823 1797 853 1844 v.
882 1779 921 1840 14
945 1777 1105 1862 Sisyphus
1128 1779 1164 1844 od
1186 1778 1245 1843 hoc

11 1969 12 1978 ἵ
66 1885 140 1955 tali
159 1906 287 1967 pecua
309 1887 470 1968 multatus,
495 1888 569 1969 quie
595 1936 601 1951 .
628 1937 635 1952 .
661 1901 686 1960 .;
711 1880 752 1948 cf.
778 1883 875 1965 Verg.
894 1884 951 1948 Ae.
976 1883 1022 1947 VI
1045 1883 1110 1948 616
1128 1907 1243 1950 sociem

11 1983 12 1986 ¹
66 1993 187 2076 ingene
209 1993 341 2058 celerini
364 1993 422 2058 ulii
446 1988 517 2074 (Ge.
542 1990 593 2054 III
617 1989 659 2055 39
683 2013 751 2060 ace
774 1993 988 2076 exsuperabile
1010 1988 1149 2074 sucrum).

181 2093 229 2162 df.
254 2096 286 2188 S.
311 2099 369 2162 Ae.
394 2095 439 2161 VI
462 2098 544 2164 616:
569 2099 744 2183 Sisyphum
768 2099 854 2182 dicii,
879 2101 934 2182 qui
958 2099 1087 2164 decem
1110 2098 1244 2164 coasilia

11 2211 12 2218 ’
68 2205 254 2272 haerteicis
284 2205 466 2290 predicavit.
491 2242 531 2252 —
558 2204 590 2269 S.
616 2204 673 2269 Ge.
698 2204 826 2268 11139:
861 2203 993 2286 sacru-m]
1028 2206 1112 2288 qicod
1134 2210 1245 2270 contra

68 2318 207 2379 orontem
229 2313 389 2397 Sisyphus
412 2315 525 2396 ooleii.¹

11 2425 12 2432 ’
182 2419 328 2482 Eundem
353 2417 489 2500 VergIIIi
515 2417 776 2484 commentarium
802 2415 976 2498 exscripsit
998 2417 1183 2482 Pseudacro
1204 2418 1245 2481 ad

70 2526 153 2590 Hor.
180 2525 214 2590 C.
238 2525 270 2590 ΙΙ
297 2528 346 2606 14,
372 2522 466 2609 20:1)
505 2528 751 2608 Dunznulusque
789 2527 875 2610 longi
913 2526 1072 2610 Sisyphus
1101 2525 1246 2592 Aeolides

71 2631 207 2714 loboris}
223 2634 426 2701 Damnatum
448 2635 563 2702 luderis
587 2635 668 2700 uiae
691 2639 727 2700 ut
742 2635 913 2700 damnetur
928 2634 1050 2717 capitia,
1074 2634 1246 2699 damnate

70 2741 282 2808 iniuriarum.
328 2739 445 2804 deinde
481 2742 566 2821 quod
597 2758 703 2821 poena
726 2739 767 2803 ab
791 2738 928 2803 Horatio
953 2756 1015 2802 nou
1040 2737 1245 2814 describitur,

70 2847 155 2911 haec
171 2845 356 2911 Pseudacro
374 2845 568 2927 praemittit:
593 2849 684 2914 Haec
707 2853 809 2913 erilem
833 2847 920 2930 epod
935 2847 1056 2929 inferos
1071 2845 1247 2930 Sisyphum

69 2978 178 3039 pecua
196 2976 324 3023 manere
347 2955 474 3036 dicitur,
498 2961 534 3020 ici
557 2977 672 3020 suarim
696 2966 808 3021 contre
830 2954 946 3020 mentis
964 2955 1110 3020 verticem
1133 2954 1245 3036 volout,

71 3085 136 3144 guo
161 3085 280 3145 sanger
308 3063 431 3146 relapso
453 3061 557 3145 finem
587 3083 762 3143 numquam
789 3067 925 3128 meretur
959 3061 1091 3132 laboris:
1124 3061 1160 3126 de
1183 3082 1247 3142 quo

72 3169 229 3254 Vergilius
253 3167 325 3253 (Aa.
352 3168 397 3232 VI
419 3168 513 3249 drot:

393 3294 519 3362 Sextum
543 3295 656 3378 iugens
678 3294 808 3362 colerae
831 3294 897 3360 alii.

74 3418 264 3520 Sequuntur
302 3436 384 3498 quae
422 3416 455 3482 iu
495 3417 721 3483 commentare
760 3418 801 3482 ad
840 3418 926 3482 hunc
960 3416 1084 3500 Vergili
1118 3433 1247 3483 versum

73 3525 234 3608 repperit:
257 3526 327 3593 Pro
349 3529 408 3594 hoc
431 3532 537 3593 tomen
553 3527 681 3612 flagitio
706 3528 761 3594 tali
779 3547 885 3611 poene
904 3527 1069 3608 percuciens
1092 3531 1145 3607 est,
1170 3527 1248 3607 grcia

76 3635 219 3720 Efficiam
243 3651 270 3696 e.
296 3652 325 3712 q.
350 3651 375 3699 s

184 3776 239 3823 vv.
266 3758 395 3822 18—19
420 3777 460 3822 ex
486 3755 550 3821 alio
574 3755 712 3839 Vergilii
740 3775 856 3822 versus
881 3755 1001 3820 scholio
1025 3753 1202 3820 fluxerunt.

185 3899 258 3964 sab.
286 3899 348 3964 176
384 3898 528 3965 delibata
563 3904 614 3964 est
648 3917 665 3963 e
700 3888 929 3963 commentario
964 3899 1005 3962 ad
1039 3896 1254 3992 71071762

77 4007 144 4093 (cui
166 4031 235 4076 oea
258 4010 355 4076 risere
377 4014 544 4092 percutis),
578 4004 619 4071 cl.
644 4024 674 4070 v.
693 4007 750 4072 25:
785 4009 820 4073 in
846 4029 910 4090 quo
933 4007 1045 4072 sederis
1068 4006 1156 4072 Icario
1179 4027 1248 4072 uon

76 4119 155 4184 risit.
204 4113 253 4179 ef.
277 4114 421 4194 Philarg.
446 4115 487 4177 ad
512 4113 582 4178 Ecl.
607 4113 652 4179 IV
676 4113 718 4176 63
742 4131 772 4192 p.
791 4113 833 4178 88
858 4110 913 4196 (=
939 4111 1037 4177 schol.
1063 4111 1159 4176 Bern.
1184 4109 1204 4175 l.
1226 4111 1246 4176 l.

76 4242 107 4304 p.
126 4223 190 4288 782
215 4220 288 4305 so).
337 4221 383 4304 (S.
408 4220 473 4285 DS.
498 4219 568 4285 Ecl.
592 4220 640 4285 IV
663 4219 731 4305 62.)

77 4347 290 4358 -ι--σ-ι--ω--ι

186 4418 212 4486 1)
232 4412 269 4470 cl.
282 4413 441 4490 Kiessling,
461 4412 498 4470 de
517 4413 651 4490 personis
669 4411 841 4470 Horatianis
860 4427 888 4492 p.
903 4416 927 4472 7.
