3102 5254
771 375 990 446 ,50-

293 574 437 654 natione,
454 575 645 657 frustratus
663 574 853 645 fidemvera
907 595 1000 643 cessa
1038 576 1239 645 divinatione
1284 575 1497 643 frustratus

295 683 417 749 dicenti
441 684 584 749 sustulit.
907 684 1041 751 sustulit
1078 683 1176 750 iidem
1215 703 1295 751 vera
1334 685 1493 750 dicenti.

908 791 1012 875 (Quae
1028 792 1113 862 Dan.
1131 792 1222 858 Serv.
1239 794 1383 858 adhunc
1400 811 1496 858 ver-

908 918 976 964 sum
1008 901 1158 978 adnotat,
1199 898 1328 964 aliunde
1362 897 1495 965 fluxe·

907 1003 1008 1090 runt.)

400 1130 488 1195 Fab.
512 1131 575 1195 139
610 1137 745 1213 propter
778 1132 878 1198 verba
910 1150 940 1198 v.
966 1131 986 1195 3
1017 1133 1118 1218 Niger
1140 1138 1243 1200 numm
1266 1134 1368 1200 dicius
1396 1182 1404 1197 .
1435 1183 1445 1197 .
1483 1186 1492 1200 .

294 1256 312 1302 e
343 1237 570 1303 commentario
606 1239 647 1338 ad
672 1239 769 1320 Verg.
795 1241 854 1304 Ae.
879 1238 894 1302 I
916 1239 981 1302 489
1012 1239 1115 1325 (cipri
1144 1240 1325 1307 Memnonis
1359 1241 1493 1312 orma)

294 1346 414 1411 hausta
438 1345 582 1423 videtum
608 1343 648 1409 ci.
675 1345 765 1411 Serv.
789 1348 847 1410 Ae.
873 1346 890 1409 Ι
913 1347 994 1411 489;

432 1472 475 1536 Μ.
501 1471 517 1534 Ι
540 1469 607 1536 fab.
634 1470 712 1537 139:
1025 1470 1116 1536 Serv.
1142 1471 1201 1535 Ae.
1227 1472 1244 1535 Ι
1267 1471 1348 1536 489:

295 1577 456 1642 Tithonus
489 1575 553 1642 fuit
583 1574 690 1642 frater
718 1577 853 1642 Laome·
908 1576 1001 1659 Nigri
1035 1576 1215 1642 Memnonis
1249 1577 1352 1660 arma]
1394 1578 1492 1658 quia

295 1684 415 1765 dontiS,
432 1683 519 1766 regis
537 1683 756 1749 Troianorum.
792 1683 853 1766 Qui
909 1684 1079 1761 Tithonus
1104 1682 1210 1750 irater
1226 1685 1489 1762 Laomedontis

295 1810 366 1857 cum
391 1794 563 1855 adamatus
586 1789 707 1856 fnisset
730 1791 770 1856 ab
791 1791 854 1856 Au·
909 1798 1023 1873 raptus
1047 1793 1088 1858 ab
1112 1792 1240 1857 Aurora
1391 1779 1394 1782 ’

295 1917 380 1978 rora,
394 1897 491 1979 petiit
507 1898 547 1962 ab
565 1917 603 1962 ea
619 1897 853 1980 longitudinem

296 2003 394 2070 vitae.
408 2003 502 2070 Unde
516 2005 639 2070 tamdiu
651 2005 743 2082 vixit,
754 2007 855 2070 donec

295 2129 373 2192 prae
409 2111 509 2176 nimia
543 2118 713 2177 senectute
741 2130 855 2178 versus

296 2221 347 2282 est
381 2217 413 2282 in
450 2218 603 2283 cicadam.
655 2219 719 2284 Hic
752 2217 855 2284 iilium
1365 2217 1486 2284 filiurn

296 2343 386 2390 suum
405 2327 616 2403 Memnonem,
637 2345 677 2391 ex
693 2325 768 2407 ipsa
783 2345 856 2408 pro·
911 2344 1001 2390 suum
1018 2325 1218 2390 Memnonem
1242 2343 1281 2388 ex
1301 2322 1374 2406 ipsa
1400 2345 1487 2406 pro-

298 2431 453 2514 genitum,
471 2434 513 2497 ad
530 2432 647 2497 Troiae
665 2431 752 2497 misit
768 2432 856 2498 auxi·
911 2431 1053 2514 genitum
1080 2435 1120 2496 ad
1138 2431 1257 2497 Troiae
1275 2431 1363 2497 misit
1382 2434 1487 2498 auxi·

298 2539 351 2604 lia.
399 2539 501 2622 Niger
536 2545 643 2604 autem
679 2539 785 2605 dictus
824 2545 857 2602 et
911 2539 965 2606 lia.
1003 2538 1108 2622 ‚nigri‘
1135 2545 1241 2604 autem
1260 2537 1344 2603 dixit
1359 2539 1486 2605 Aethi-

298 2647 466 2732 Aethiops
492 2646 578 2726 quia,
596 2645 650 2710 uhi
669 2646 772 2726 prima
789 2663 857 2712 sur·
912 2645 995 2728 opis
1035 2648 1119 2712 unde
1157 2645 1262 2728 prima
1303 2648 1486 2729 consurgit

298 2753 348 2836 git
386 2771 512 2831 aurora,
560 2753 659 2819 dubia
697 2754 754 2819 lux
795 2759 855 2819 est.
911 2758 1050 2819 Aurora.
1136 2783 1138 2789 ·

298 2859 404 2926 Huius
435 2862 520 2940 apud
555 2859 684 2926 Troiam
718 2860 857 2926 extincti

298 2973 331 3031 et
364 2951 484 3049 sepulti
511 2967 666 3032 tumulum
701 2985 779 3033 aves
804 2985 858 3031 an·

298 3091 362 3140 nno
386 3074 497 3140 volatu
526 3081 686 3140 conventu
712 3071 857 3140 officiose

299 3181 475 3245 celebrant.
484 3177 509 3265 1)
852 3257 853 3262 ἵ
879 3178 882 3286 l

406 3394 432 3461 1)
452 3391 507 3448 Ad.
527 3409 554 3447 v.
574 3392 702 3448 42-v.2
720 3409 749 3462 p.
768 3393 803 3448 45
830 3392 916 3447 huius
944 3391 1063 3448 fabulae
1091 3391 1127 3450 cf.
1156 3391 1238 3448 Serv.
1266 3391 1320 3446 Ae.
1345 3389 1389 3445 IV
1408 3394 1481 3450 585:

302 3483 436 3538 Tithonus
453 3485 547 3553 frater
563 3483 757 3538 Laconedontu'a
772 3483 831 3552 fuit
844 3502 853 3539 :
864 3483 936 3538 hunc
953 3485 1066 3540 Aurora
1085 3487 1210 3538 amarum
1228 3481 1259 3537 in
1278 3481 1384 3536 coelam
1402 3482 1482 3538 levu-

299 3573 348 3638 nn't,
367 3591 445 3641 quem
464 3573 654 3644 longinquitas
671 3573 745 3628 m'tac
762 3574 793 3628 ia
811 3573 936 3628 cicadam
955 3573 1087 3630 mavortii
1106 3569 1153 3641 (ci.
1174 3571 1255 3626 Serv.
1274 3569 1328 3624 Ge.
1348 3569 1394 3623 III
1414 3575 1483 3628 324.

299 3660 353 3716 Ge.
373 3661 471 3718 11148
491 3687 524 3707 =
544 3661 632 3716 schol.
653 3661 794 3716 Bernens.
816 3660 871 3716 Ge.
891 3661 934 3715 111
954 3661 1009 3732 48).
1548 3711 1549 3731 ,

407 3767 433 3804 v.
452 3753 524 3807 5-6
542 3748 635 3805 fusius
654 3753 755 3804 namet
773 3749 848 3805 Dan.
867 3749 949 3807 Serv.
969 3752 1021 3806 Ae.
1041 3749 1055 3804 l
1075 3751 1134 3806 751.
1548 3737 1549 3787 l

406 3857 434 3894 v.
452 3842 470 3892 4
488 3855 542 3909 pro
562 3845 589 3896 et
607 3840 739 3912 Aethiops
756 3837 943 3894 scribendum
962 3838 1081 3894 videtur
1099 3843 1130 3895 ut
1143 3839 1282 3909 Aethiops.
1310 3836 1399 3892 Haud
1413 3840 1480 3896 scio

300 3946 337 3983 an
356 3931 437 3984 recte
457 3927 538 3983 dicat
550 3927 641 3997 Bode,
662 3928 751 3984 verba
770 3930 836 3998 quia
854 3930 901 3985 ubi
916 3929 1013 3999 primo
1031 3929 1124 4001 carpit
1137 3946 1250 3998 aurora
1269 3928 1480 3986 nabathaea

300 4018 373 4073 item
393 4021 427 4072 ut
445 4017 542 4072 Servii
569 4019 643 4075 unde
667 4018 761 4087 primo
780 4019 923 4091 conarrpit
940 4023 1052 4074 Aurora
1071 4020 1209 4087 corrupta
1228 4033 1290 4072 esse
1310 4033 1326 4071 e
1347 4016 1480 4090 Vergilii

301 4123 387 4162 versu
406 4107 470 4177 (Ae.
484 4107 528 4162 111
540 4109 603 4177 588)
623 4124 640 4161 a
663 4107 766 4162 Servio
785 4106 872 4161 initio
891 4107 977 4162 huius
996 4106 1100 4163 scholii
1125 4106 1261 4161 laudato:
1281 4106 1361 4178 (dico)
1382 4109 1479 4176 mimo

300 4197 426 4269 surgebat
444 4199 511 4256 Eoo.
531 4228 564 4237 -
585 4196 662 4251 Sane
691 4197 775 4252 dubia
802 4197 853 4252 lonc
878 4195 997 4250 videtur
1015 4195 1185 4266 explanatio
1204 4195 1285 4250 vocis
1303 4213 1417 4264 aurora,
1438 4195 1478 4256 cf,
1547 4217 1548 4274 3

302 4285 374 4342 Dan.
388 4285 470 4341 Serv.
484 4287 537 4342 Ae.
550 4286 595 4340 III
608 4287 660 4341 587
681 4286 804 4354 ‚arrrora‘
817 4287 859 4342 nel
877 4287 1073 4357 ,crapamlnm
1091 4287 1266 4342 matutinum‘
1286 4290 1392 4354 tempus
1406 4288 1479 4355 quod
1547 4275 1548 4282 ἵ

300 4381 366 4436 aute
383 4376 465 4434 colem
484 4382 535 4449 eat·
558 4376 641 4434 Serv.
660 4373 714 4431 Ae.
733 4374 763 4432 11
781 4377 835 4436 268
852 4376 884 4434 de
901 4377 1059 4450 crepuocado
1073 4417 1079 4432 .
1094 4415 1101 4432 .
1114 4418 1122 4435 .
1134 4377 1202 4448 quod
1215 4380 1254 4433 eet
1266 4375 1349 4433 dudio
1362 4374 1413 4434 luca
1426 4418 1432 4433 .
1447 4419 1454 4438 .
1471 4419 1478 4436 .
