3102 5254
781 427 1002 494 ..55-

305 627 362 689 sed
386 626 446 690 has
462 625 595 691 Pliadas
619 605 744 706 antiqui
760 631 863 692 astro·

304 730 370 813 logi
405 727 592 797 seorsum'a
615 733 724 798 Tauro
759 731 862 798 delor-

305 844 486 919 mavernnt,
523 845 560 904 ut
598 846 676 904 ante
714 839 862 917 diximus,

304 945 434 1010 Pliones
450 951 485 1010 et
500 945 644 1011 Atlantis
660 944 759 1012 filias.
781 965 863 1026 quae
917 946 979 1012 Est
1018 950 1053 1010 et
1085 945 1151 1010 alia
1185 963 1293 1010 earum
1333 943 1495 1009 traditio.

305 1070 375 1117 eum
399 1072 458 1134 per
474 1051 640 1118 Boeotiam
660 1071 730 1118 oum
747 1052 863 1134 puellis
919 1051 996 1117 (lum
1014 1052 1076 1117 VII
1099 1053 1163 1120 hae
1179 1069 1309 1118 sorores
1324 1050 1392 1116 iter
1409 1069 1494 1116 eum

304 1158 367 1224 iter
383 1157 518 1237 laceret,
538 1159 662 1225 Oriona
677 1159 861 1226 comitatum
918 1159 1034 1240 puellis
1050 1162 1207 1241 egerent·
1222 1157 1320 1223 Orion
1341 1164 1496 1224 conatus

304 1265 448 1332 voluisse
473 1265 503 1331 ei
526 1265 589 1333 vim
608 1265 751 1345 adferre;
776 1265 861 1331 illam
918 1272 969 1332 est
992 1266 1047 1331 nni
1071 1285 1179 1330 earum
1199 1264 1262 1332 vim
1279 1263 1421 1342 inferre;
1452 1271 1497 1329 at

303 1371 418 1454 lugere
436 1371 590 1454 coepisse,
616 1373 737 1438 Oriona
754 1378 862 1439 autem
917 1373 974 1438 illa
998 1391 1067 1438 eum
1092 1371 1257 1438 sororibus
1279 1369 1377 1454 fugit.
1411 1370 1495 1437 Ori·

304 1486 449 1545 secutum
486 1499 558 1545 esse
595 1499 697 1546 annos
723 1481 782 1545 Vll
810 1500 863 1545 ne·
918 1499 982 1545 ona
1005 1485 1113 1545 autem
1130 1484 1274 1544 mentum
1291 1498 1361 1543 eam
1384 1478 1493 1544 annis

305 1606 367 1668 que
390 1585 537 1653 invenire
560 1586 717 1667 potuisse.
755 1587 869 1654 Iovem'
918 1587 996 1668 XII,
1021 1606 1126 1668 neque
1149 1585 1296 1653 invenire
1320 1585 1491 1666 potuisse.

304 1699 411 1758 autem
459 1693 640 1774 puellarum
686 1693 861 1772 misertum,
918 1694 1158 1771 lovemautem,
1175 1693 1355 1775 puellarum
1371 1693 1491 1757 miser·

303 1800 368 1865 iter
391 1802 432 1866 ad
457 1805 549 1866 astra
572 1800 794 1878 constituisse,
830 1807 864 1866 et
917 1808 996 1878 tum,
1032 1801 1119 1866 inter
1152 1807 1243 1865 astra
1266 1799 1491 1866 constituisse

304 1913 419 1988 postea
451 1927 471 1971 a
501 1907 664 1974 nonnullis
688 1908 863 1991 astrologis
918 1913 1082 1988 utrosque.

304 2016 437 2078 eandam
462 2013 561 2079 Tauri
585 2014 755 2095 apellatus.
803 2014 864 2080 ita·
1413 2015 1489 2080 Ita-

304 2139 365 2200 que
381 2122 488 2187 adhuo
504 2121 603 2186 Orion
620 2120 787 2203 fugientes
807 2142 863 2188 eas
918 2141 981 2202 que
998 2123 1103 2188 adhue
1119 2120 1218 2187 Orion
1234 2119 1402 2203 fugientes
1425 2141 1488 2186 eas

305 2229 346 2292 ad
370 2246 517 2293 oceasum
543 2227 634 2309 sequi
657 2227 794 2294 videtur.
918 2230 960 2294 ad
983 2247 1131 2294 oceasum
1155 2227 1248 2309 sequi
1270 2227 1411 2294 videtur.

410 2371 518 2450 Atque
542 2370 639 2435 etiam
665 2370 697 2435 in
722 2368 842 2436 fabulis
859 2372 924 2438 233
949 2376 982 2435 et
1003 2371 1065 2436 115
1090 2369 1173 2436 tales
1197 2368 1486 2436 dissimilitudines

305 2482 395 2556 sunt;
433 2496 516 2558 quae
551 2475 680 2542 facilius
704 2475 848 2558 irrepere
872 2483 1057 2559 potuerunt,
1093 2477 1120 2542 si
1144 2477 1322 2544 Vaticanus
1352 2480 1485 2561 mytho·

305 2586 461 2668 graphus
494 2589 531 2650 ut
555 2582 699 2664 equidem
725 2584 886 2666 existimo,
923 2604 986 2650 non
1010 2605 1051 2651 ex
1075 2584 1146 2666 ipso
1171 2584 1313 2668 Hygino,
1338 2587 1396 2651 sed
1421 2605 1486 2667 per

306 2691 403 2757 allum
428 2697 590 2757 auctorem
617 2711 677 2758 sua
701 2692 872 2760 derivavit.

410 2799 455 2864 Et
489 2801 549 2865 has
585 2799 710 2880 quidem
735 2799 866 2866 fabulas
896 2818 1005 2864 omnes
1029 2820 1049 2864 a
1073 2799 1208 2882 Vergilii
1231 2799 1482 2881 interpretibus

306 2905 359 2985 qui
383 2911 417 2970 et
440 2905 503 2988 ipsi
521 2907 562 2971 ad
579 2907 744 2989 Hyginum
762 2910 908 2985 redeant,
933 2911 1096 2972 tractatas
1120 2926 1191 2972 esse
1207 2913 1317 2988 potest
1333 2909 1482 2974 ostendi:

411 3032 480 3078 eum
507 3011 580 3077 la'b.
605 3014 675 3078 233
701 3020 734 3078 et
757 3015 844 3096 Hyg.
869 3016 958 3079 Astr.
983 3015 1082 3079 1135
1113 3017 1156 3095 (p.
1176 3016 1217 3080 73
1242 3019 1303 3096 sq.)
1337 3014 1482 3080 conferri

304 3119 398 3184 iuben
422 3120 505 3185 Dan.
525 3121 616 3187 Serv.
635 3122 676 3185 ad
693 3120 750 3185 Ge,
768 3121 863 3184 1218
889 3120 933 3203 (p.
954 3121 1045 3204 183):
1069 3124 1157 3190 hainae
1180 3145 1289 3190 canem
1314 3126 1372 3191 alii
1388 3125 1483 3191 Icari

304 3233 427 3310 pellani,
451 3229 554 3312 patris
578 3229 748 3314 Erigonae,
774 3230 829 3312 qai
852 3236 980 3296 moriem
1001 3231 1104 3312 pratris
1119 3229 1213 3312 filiae
1231 3231 1397 3297 arundineti
1420 3228 1480 3314 (ef.

305 3334 393 3416 Hyg.
418 3333 450 3398 Π
469 3335 493 3398 ,4
517 3354 547 3415 p.
566 3334 638 3418 36):
670 3337 727 3404 aliz·
753 3337 841 3402 haene
863 3360 926 3403 esse
950 3338 1113 3418 quondam
1137 3339 1293 3403 cratonem
1317 3338 1480 3421 Europae,

305 3466 393 3525 qreem
429 3444 520 3511 arella
554 3445 627 3526 fere
660 3445 764 3528 poterii
787 3445 930 3530 effligere,
964 3446 1079 3527 quiante
1103 3467 1123 3510 a
1146 3445 1292 3528 arzelpz'bns
1315 3447 1480 3527 quondum

305 3550 450 3616 liberarit
473 3552 605 3618 Thebon.

412 3654 490 3733 (iah.
516 3658 581 3722 233
605 3675 634 3722 v.
660 3657 700 3721 31
727 3663 802 3738 post
825 3676 855 3723 v.
879 3662 1065 3742 peruenisse,
1089 3663 1126 3723 ut
1149 3659 1243 3723 docet
1265 3677 1295 3725 v.
1321 3658 1363 3722 33
1387 3663 1481 3728 matres

304 3785 387 3831 naor
408 3766 517 3847 fremat
540 3765 683 3848 Procris
719 3765 801 3830 haee
830 3784 869 3829 ex
893 3764 1025 3848 Hygino
1049 3764 1229 3846 supplenda
1252 3771 1330 3830 sunt
1354 3780 1361 3830 ἱ
1387 3791 1481 3851 quem

305 3873 438 3938 Procris
457 3871 587 3957 Cephali
602 3895 685 3938 aanor
708 3874 903 3940 laborantem
926 3858 1041 3940 dieitur
1059 3895 1190 3940 sortasse
1213 3880 1240 3941 et
1261 3896 1319 3958 pro
1335 3899 1368 3942 eo
1388 3875 1478 3942 bene-

298 3979 377 4061 ficio
413 4002 522 4047 eonem
556 3983 683 4048 araurem
717 3983 882 4066 reamissa
920 3979 1037 4045 deiude
1071 3983 1127 4048 ille
1160 3982 1322 4048 studiosus
1351 3979 1384 4047 iu
1415 3985 1480 4049 illa

304 4087 453 4152 studiosa
475 4086 662 4150 mutandum
687 4090 761 4164 est.)

411 4190 500 4256 Feb.
523 4191 608 4257 234:
644 4190 686 4258 of.
711 4193 794 4258 Dan.
832 4193 922 4259 Serv.
953 4194 1012 4261 Ge.
1037 4195 1054 4258 I
1080 4195 1143 4261 138
1177 4213 1208 4275 p.
1229 4193 1305 4260 164:
1336 4197 1478 4279 pleiades

306 4353 312 4368 .
339 4352 345 4367 .
371 4353 377 4368 .
402 4303 448 4368 ael
471 4302 554 4384 qarod
576 4303 709 4369 Pliones
732 4308 759 4369 et
781 4305 925 4371 Atlantis
940 4303 1034 4385 filiae
1061 4306 1134 4372 siat.
1181 4309 1258 4370 sum
1280 4310 1386 4370 aulem
1409 4327 1475 4387 sep·

307 4414 367 4475 tem
383 4431 393 4475 .·
410 4408 715 4496 reppereramus,
737 4409 880 4496 Celaeno,
893 4410 1029 4499 Sinope,
1043 4413 1179 4499 Merope,
1193 4411 1327 4494 (Maia)
1338 4411 1474 4494 Electra,
