3102 5254
571 1357 696 1460 Caput
725 1356 761 1434 ll.

0 1616 1 1645 ,
61 1523 144 1627 De
175 1519 411 1626 tontibus
442 1521 593 1628 hodie
625 1555 728 1628 non
761 1530 857 1626 iam
890 1520 1251 1657 superstitibus.

407 1809 456 1885 lle
484 1811 624 1903 Vergilii
653 1811 931 1886 commentariis.

181 1966 221 2029 In
256 1963 303 2029 eis
337 1965 564 2048 mytlrographi
588 1965 739 2030 Vaticani
762 1963 918 2043 fontibus,
944 1966 998 2046 qui
1023 1971 1164 2032 aetatem
1189 1984 1252 2030 non

63 2073 235 2148 tulerunt,
263 2071 399 2153 Vergilii
423 2073 668 2137 commentarios
692 2071 794 2136 fuisse
819 2091 859 2135 ex
883 2072 1072 2153 quibusdam
1098 2072 1253 2154 exemplis

64 2179 300 2260 intellegitur;
333 2178 386 2259 qni
417 2198 495 2245 vero
520 2179 737 2245 commentarii
763 2178 811 2243 illi
834 2177 967 2256 fuerint,
1000 2197 1078 2244 sane
1103 2198 1165 2246 non
1189 2179 1252 2244 iam

67 2295 166 2351 certo
194 2285 260 2349 dici
284 2290 403 2366 potest.
444 2287 491 2350 Ac
514 2287 651 2367 primurn
672 2285 798 2367 quidem
816 2286 939 2366 aliquot
951 2277 1086 2350 ‘fabulas
1102 2284 1252 2365 afferam,

67 2411 158 2472 quae
199 2411 240 2456 ex
274 2391 392 2456 eisdem
428 2391 583 2470 fontibus
620 2393 734 2473 quibus
769 2392 991 2458 commentarii
1014 2393 1105 2458 nobis
1130 2391 1252 2458 servati

67 2501 122 2564 usi
149 2505 242 2579 sunt,
279 2499 430 2565 videntur
452 2501 656 2582 desumptae
693 2499 808 2565 deinde
833 2502 872 2565 de
897 2499 943 2565 eis
967 2499 1133 2577 disseram,
1170 2517 1252 2580 qnae

69 2613 105 2670 et
142 2609 241 2688 ipsae
277 2625 294 2670 e
328 2607 516 2688 Vergiliano
552 2606 780 2673 commentario
816 2608 954 2672 haustae
989 2613 1080 2684 sunt,
1118 2624 1251 2686 qnorum

1 2767 3 2821 κ
68 2721 188 2778 tamen
212 2711 334 2778 fontem
360 2715 543 2804 accuratius
567 2713 705 2780 definire
729 2732 792 2777 non
816 2732 996 2794 possumus

188 2839 239 2902 Ad
275 2857 470 2904 communem
497 2839 647 2905 Vaticani
682 2839 911 2921 mythographi
945 2845 978 2902 et
1002 2838 1106 2904 Servii
1129 2836 1251 2902 iontem

71 2947 297 3014 revocandam
323 2965 394 3010 esse
418 2943 492 3011 sab.
517 2947 588 3011 229
613 2946 675 3012 iam
701 2965 800 3026 supra
824 2945 962 3012 vidimus
987 2948 1030 3026 (p.
1058 2946 1122 3026 19).
1164 2945 1253 3010 Idem

72 3054 249 3118 dicendum
287 3057 338 3116 est
372 3054 412 3117 tle
448 3052 520 3117 fab.
545 3053 627 3118 ¹80:
663 3052 706 3119 cf.
731 3053 822 3118 Serv.
856 3053 897 3116 ad
932 3053 989 3118 Ae.
1014 3051 1045 3116 ΙΙ
1069 3053 1132 3118 247
1163 3049 1253 3137 (irruo

71 3165 174 3228 etiam
209 3161 286 3243 fotis
320 3165 423 3244 operit
447 3161 631 3228 Cassandro
655 3162 779 3244 scituris
803 3161 868 3226 Oro
892 3161 941 3229 det
975 3163 1065 3227 iussu
1098 3183 1165 3228 uon
1189 3183 1250 3228 crn-

72 3292 176 3352 quam
201 3269 318 3334 medita
341 3266 494 3353 Tutoris),
520 3268 576 3348 qui
599 3264 725 3349 partem
749 3265 851 3332 fontis
875 3266 924 3331 sui
950 3266 1137 3347 exscripsit:

218 3410 261 3473 M.
288 3408 304 3472 I
327 3407 392 3474 rao.
421 3410 498 3476 180:
802 3409 892 3474 Serv.
918 3409 976 3474 Ae.
1001 3409 1139 3472 11247:

74 3518 159 3582 Cum
173 3515 289 3596 Apollo
301 3515 528 3594 Cassandram,
537 3515 637 3582 filiam

73 3621 213 3702 Priami,
245 3623 424 3701 adamaret,
456 3623 638 3699 constituit,

74 3736 115 3795 nt
139 3747 247 3794 secum
284 3748 324 3794 ea
359 3730 544 3795 condicione
572 3750 639 3795 rem

77 3836 224 3918 coniugii
246 3837 394 3917 haberet,
419 3843 455 3902 nt
475 3837 522 3901 illi
539 3837 639 3902 scien·

76 3945 158 4008 tiam
216 3942 380 4008 divinandi
437 3947 637 4009 concederet.

79 4051 172 4134 Quae
185 4068 254 4115 curn
268 4049 328 4115 sibi
340 4051 545 4131 promitteret
554 4052 639 4130 qnod

1 4179 2 4207 l
79 4155 195 4234 voluit,
214 4157 270 4221 ille
286 4157 455 4222 scientiam
471 4157 640 4225 divinandi

80 4263 252 4330 concessit.
292 4264 413 4328 Postea
435 4264 561 4345 Apollo,
582 4282 639 4344 spe
694 4262 755 4326 Dei
767 4263 870 4347 iussn]
887 4269 1063 4346 praecepto
1079 4263 1250 4344 Apollinis

1 4365 2 4388 ¹
79 4370 231 4456 promissi
246 4371 543 4448 amor-isconcessa
559 4369 640 4436 ‹livi-
694 4370 830 4454 quispe
865 4371 1012 4454 promissi
1043 4370 1148 4436 coitus
1179 4389 1253 4437 con·
