3102 5254
563 379 783 445 ..7-

241 577 283 642 u.
310 572 347 643 v.
372 575 437 642 fau
463 527 498 643 a:
703 576 1257 662 serv.Ge.1163p.169‚2,-170„:

703 685 875 765 Tardaque
898 683 1073 750 Eleusinae
1097 703 1137 750 nr.
1162 704 1192 750 v.
1212 685 1258 766 p]

80 790 219 856 Eleusis
265 790 380 858 civitas
420 797 471 856 est
517 791 647 858 Atticae
701 790 837 857 Eleusin
883 791 1001 858 civitas
1040 797 1091 858 est
1129 790 1259 856 Atticae

82 897 290 978 provinciae,
337 900 423 964 haud
471 900 567 981 longe
606 899 647 964 ab
702 882 898 979 provinciae,
946 900 1033 964 haud
1080 899 1175 982 longe
1217 899 1258 963 ab

83 1003 237 1070 Athenis.
271 1005 309 1072 In
327 1023 391 1085 qna
406 1023 476 1070 oum
492 1011 648 1088 regnaret
702 1004 851 1070 Athenis.
875 1005 910 1070 in
934 1023 998 1085 qua
1019 1023 1088 1084 epm
1105 1009 1260 1088 regnaret

84 1111 217 1187 Celere,
246 1118 279 1177 et
303 1112 463 1189 Cererem,
493 1130 647 1192 quaeren·
703 1111 819 1176 Celeus
850 1117 884 1176 et
908 1111 1067 1191 Cererem,
1104 1123 1259 1194 quaeren-

83 1222 152 1283 tem
178 1216 291 1300 iiliam,
322 1218 549 1284 liberalissime
578 1237 647 1298 sus·
702 1223 767 1282 tem
790 1217 904 1298 filiam,
936 1218 1160 1285 liberalissime
1190 1233 1259 1288 sus·

83 1325 233 1406 cepisset
277 1326 432 1408 liospitio,
483 1326 541 1391 illa
589 1345 647 1408 pro
698 1324 844 1406 cepisset
891 1325 1045 1407 hospitio,
1098 1325 1156 1390 illa
1200 1344 1259 1407 pro

83 1433 349 1499 remuneratione
372 1433 516 1499 ostendit
539 1433 569 1498 ei
584 1453 648 1500 om·
702 1433 960 1498 remuneratione
985 1432 1129 1510 ostendit
1151 1431 1181 1497 ei
1197 1451 1260 1498 om·

84 1559 127 1604 ne
152 1557 258 1622 genus
281 1539 515 1623 agriculturae;
543 1539 646 1607 filium
703 1558 744 1604 ne
767 1558 871 1622 genus
896 1539 1128 1622 agriculturae,
1155 1537 1259 1605 illium

85 1645 188 1711 etiam
202 1645 271 1713 eius
285 1647 516 1729 Triptolemum
534 1667 647 1714 recens
703 1645 800 1712 etiam
819 1646 888 1712 eius
901 1647 1133 1729 Triptolemum
1146 1664 1260 1712 recens

85 1757 202 1818 natum
225 1771 284 1834 per
307 1760 431 1820 noctem
456 1755 534 1838 igne
551 1753 647 1834 iovit,
703 1759 813 1818 natum
838 1772 897 1836 per
921 1760 1045 1820 noctem
1069 1754 1145 1838 igne
1164 1753 1259 1832 fovit,

86 1879 146 1941 per
170 1859 252 1924 diem
271 1860 380 1926 divino
397 1863 483 1928 laete
500 1861 647 1940 nutrivit,
702 1879 761 1941 per
784 1860 866 1925 diem
884 1859 991 1926 divino
1008 1862 1095 1926 lacte
1111 1861 1259 1939 nutrivit,

86 1966 648 2051 eteumalatisserpentibussuper-
704 1973 738 2032 et
748 1967 1140 2050 eumalatisserpentibus
1151 1986 1261 2050 super·

82 2073 227 2154 positum
244 2093 304 2155 per
315 2079 418 2140 totum
434 2079 543 2142 orbem
560 2077 648 2142 misit
702 2073 841 2155 positum
857 2092 917 2155 per
931 2080 1034 2141 toturn
1052 2076 1159 2141 orbem
1175 2074 1262 2140 misit

87 2183 129 2246 ad
162 2198 254 2245 usum
283 2177 516 2249 frumentorum
547 2183 648 2248 homi·
703 2182 743 2246 ad
768 2199 860 2247 usum
895 2180 1130 2247 frumentorum
1161 2180 1261 2247 homi-

87 2287 186 2353 nibus
209 2286 424 2355 indicandum.
500 2363 505 2373 Ι
703 2288 810 2354 nibus·
827 2287 1043 2354 indicandum.
1090 2304 1167 2372 ergo
1201 2289 1261 2353 hoo

703 2394 783 2460 dicit
805 2414 832 2459 e.
859 2416 888 2476 q.
915 2413 940 2460 s.

195 2538 361 2604 Interdum
399 2540 655 2624 mythographus
689 2515 811 2604 iontem
846 2540 887 2602 ad
918 2539 1050 2603 verbum
1077 2523 1260 2620 exscripsit,

88 2645 143 2710 ubi
168 2652 293 2712 mutare
329 2648 483 2712 debebat:
521 2666 547 2712 e.
573 2666 604 2729 g.
629 2645 694 2711 iab.
721 2646 762 2710 64
799 2649 830 2724 (e
853 2643 968 2710 Servio
992 2646 1034 2709 ad
1058 2644 1115 2709 Ge.
1140 2644 1187 2710 ΙΙΙ
1210 2644 1260 2729 4);

90 2755 175 2821 trude
198 2778 268 2820 eum
291 2756 409 2822 domum
431 2763 540 2840 poeto
563 2754 733 2840 appellarit
758 2804 764 2817 .
791 2803 797 2815 .
824 2801 830 2816 .
856 2750 890 2835 (i.
917 2770 943 2816 e.
968 2749 1162 2833 Vergilius);

198 2859 262 2926 lab.
288 2862 353 2929 170
376 2867 408 2938 (e
433 2861 531 2926 schol.
558 2861 640 2926 Stat.
659 2862 700 2925 ad
725 2859 826 2924 Theb.
844 2857 863 2921 Ι
882 2857 972 2942 106);
998 2861 1171 2926 Atlrt’ooius
1190 2865 1260 2940 (pro
1314 2931 1343 2946 W
1358 2906 1389 2926 „-

90 2969 239 3036 Atlrruois
262 2987 306 3033 so.
332 2974 407 3046 ars),
433 2971 488 3052 qui
512 2967 574 3046 (sic
597 2967 629 3031 iu
655 2965 776 3046 codice)
801 2968 864 3050 tud
889 2985 915 3030 e.
941 2985 970 3045 q.
996 2982 1037 3042 s.;

196 3073 262 3142 fab.
285 3077 344 3142 182
368 3073 715 3157 (es.Ae.V11190):
741 3077 815 3142 bene
838 3080 940 3140 aulem
964 3096 1083 3157 supro
1106 3075 1162 3154 (so.
1183 3073 1261 3137 Ver·
1377 3086 1389 3112 ⁶

90 3180 144 3263 gil.
170 3181 228 3246 Ae.
253 3181 314 3247 Vll
349 3183 425 3263 187)
461 3184 489 3249 ei
512 3185 626 3250 lituum
649 3183 732 3249 dedit
768 3180 870 3265 (Bode
904 3199 961 3261 pro
996 3202 1096 3264 supro
1130 3179 1262 3261 scripsit·

87 3287 210 3374 poeto);

145 3401 146 3404 ’
196 3395 262 3462 fab.
288 3399 351 3464 228
383 3395 509 3476 incipit:
543 3397 751 3482 Plrpsiolopio
779 3418 865 3462 nero
896 3396 954 3462 lzoe
976 3396 1066 3462 babel
1091 3444 1097 3457 .
1124 3443 1130 3456 .
1158 3395 1261 3462 .:hoe

91 3504 221 3568 verbum
246 3503 342 3568 inane
360 3524 376 3568 e
394 3504 506 3570 Servio
531 3503 585 3582 (ad
603 3505 683 3568 Aen.
702 3503 746 3566 VI
762 3502 839 3582 893)
863 3505 1024 3582 sumptum
1042 3505 1102 3565 est.
1128 3501 1258 3583 (Vocem

93 3635 170 3688 uero,
206 3629 300 3690 qnam
326 3611 432 3676 Maius
455 3609 571 3687 omisit,
609 3610 641 3674 in
665 3608 774 3674 codice
798 3627 870 3674 esse
906 3611 1000 3674 docet
1030 3605 1067 3671 Ο.
1093 3607 1261 3672 Rossbach

91 3718 110 3781 1.
135 3737 160 3781 c.
186 3737 215 3799 p.
233 3719 322 3799 410).

197 3825 318 3890 Contra
341 3825 373 3889 in
397 3823 463 3889 fab.
491 3823 551 3888 194
589 3829 678 3888 recte
709 3822 834 3888 addidit
857 3827 951 3903 poste
975 3821 1076 3887 verba
1110 3823 1196 3889 raude
1219 3827 1261 3888 est

92 3935 170 3999 illud
193 3935 229 4000 im
245 3933 318 4016 fine
342 3947 349 3996 :
374 3933 502 4018 Verpilii
537 3930 663 4012 (melius
699 3930 835 3995 dixisset
862 3931 1087 3997 Bucolicorum
1110 3929 1260 4013 Verpilii),

93 4041 172 4120 quod
197 4040 283 4121 apud
308 4039 453 4105 Servium
480 4037 695 4104 necessarium
720 4057 784 4104 non
808 4043 883 4113 est,
900 4035 1018 4118 quippe
1041 4035 1095 4116 qui
1119 4037 1158 4099 de
1182 4035 1261 4100 Ver·

92 4145 158 4229 gilii
181 4146 342 4212 Bucolicis
366 4146 420 4211 illo
444 4148 513 4212 loco
541 4145 673 4211 scribat.

196 4254 441 4334 Nonnumquam
478 4253 586 4320 omisit
617 4252 874 4336 mythograpbus
905 4269 989 4330 quae
1013 4249 1043 4314 ei
1066 4248 1262 4316 videbantur

95 4382 153 4428 non
177 4381 250 4429 esse
272 4362 399 4446 idonea,
425 4361 465 4431 oi.
490 4361 556 4430 lab.
585 4367 599 4430 1
627 4365 658 4446 (e
682 4362 772 4431 Serv.
798 4361 874 4429 Bue.
899 4359 945 4428 VI
968 4359 1041 4444 42):
