3102 5254
26 660 27 674 ,
174 598 270 666 Fab.
295 598 466 687 ¹3⁶210-18
502 605 543 670 ad
579 605 712 668 verbum
730 595 732 598 ’
747 601 817 669 fere
841 601 927 668 redit
956 603 1043 685 apud
1068 600 1159 670 Serv.
1184 602 1242 669 Ae.

25 745 26 770 t
72 707 188 774 1619:

209 833 254 898 M.
280 834 297 897 Ι
319 830 385 900 fab.
413 835 491 902 136:
835 836 866 902 S.
891 836 949 901 Ae.
974 836 990 899 I
1012 836 1093 902 619:

73 939 348 1007 ...Hesionam
386 941 510 1007 cuidam
545 941 631 1007 socio
688 993 694 1006 .
722 993 728 1005 .
755 992 762 1007 .
787 943 934 1008 Hesiona
951 942 1042 1033 vbelli
1071 943 1141 1017 iure
1172 943 1246 1009 sub·

24 1071 25 1110 r
72 1063 123 1110 suo
149 1047 323 1112 Telamoni
349 1047 451 1125 dedit;
686 1051 757 1114 lata
789 1048 897 1114 comiti
927 1049 1095 1116 Telamoni
1122 1049 1247 1114 tradita

687 1161 748 1237 est,
796 1156 849 1238 qui
887 1155 1008 1237 prImns
1050 1158 1247 1222 ascenderat

141 1279 186 1326 ex
213 1279 278 1341 qua
299 1267 396 1328 natus
420 1268 472 1328 est
495 1263 630 1330 Teucer.
688 1281 821 1342 murum,
835 1264 920 1329 unde
932 1264 1059 1328 Teucer
1074 1268 1172 1328 natus
1185 1269 1244 1330 est.

23 1371 24 1390 ¹
71 1367 148 1432 Nam
175 1368 311 1434 Aiacem
339 1388 381 1444 ¹eu
410 1370 476 1436 alia
504 1375 634 1436 constat
687 1389 759 1435 nam
784 1370 917 1436 Aiacem
952 1388 992 1434 ex
1027 1369 1092 1436 alia
1116 1375 1247 1435 constat

23 1481 24 1488 ’
72 1493 140 1539 esse
183 1481 307 1542 natum.
377 1478 468 1542 Tunc
509 1478 633 1543 Hercu·
688 1496 761 1542 esse
785 1483 1000 1558 procreatum.
1031 1482 1098 1543 tum
1122 1477 1247 1542 Hercu·

22 1663 23 1680 χ
71 1580 115 1646 les
131 1583 302 1648 Priamum
324 1585 522 1665 redemptum
548 1602 632 1650 aso·
687 1584 734 1648 les
759 1584 918 1650 Priamum
951 1603 1079 1665 qnoque
1103 1585 1246 1664 redemp-

22 1681 23 1692 ’
72 1688 128 1756 ciis
171 1693 229 1772 (an
270 1691 320 1767 ,ab
358 1686 552 1771 hostiumst)
598 1691 631 1755 in
686 1696 755 1756 tum
798 1711 818 1756 a
856 1691 974 1757 vicinIs
1020 1690 1167 1756 hostibus
1213 1689 1246 1756 in

71 1803 212 1874 paterno
236 1815 336 1880 regno
359 1797 489 1894 locavit.
687 1803 827 1879 paterno
851 1817 953 1880 reguo
977 1797 1110 1864 locavit.

72 1919 133 1986 Sed
160 1921 274 1988 verbIs
298 1941 380 2002 quae
404 1925 603 1989 antecedunt
618 1921 752 1989 Servius
776 1942 796 1988 a
819 1923 1058 2004 mythographo
1083 1922 1246 1987 dissentit.

71 2027 192 2093 Notum
216 2035 323 2094 antem
344 2029 379 2100 ,ei
401 2028 505 2095 fnisse
528 2028 673 2094 tabulam
698 2029 863 2095 Hesionae
888 2029 1057 2106 liberatae,
1081 2028 1152 2110 ipse
1169 2027 1248 2094 dicit

73 2134 121 2199 his
146 2134 277 2200 verbis:
301 2143 432 2206 celerum
456 2159 537 2222 quma
560 2139 598 2203 de
621 2138 749 2204 liberata
774 2139 926 2204 dicuutur
947 2138 1094 2204 Hesiona
1126 2141 1248 2204 couslul

72 2266 133 2309 esse
168 2244 318 2327 sabuloso
354 2242 408 2327 (cf.
436 2263 519 2324 quae
552 2246 592 2309 de
628 2248 699 2308 coto
735 2244 928 2324 aNeptuno
964 2243 1061 2309 misso
1095 2241 1174 2307 dicit
1206 2245 1248 2306 ad

72 2353 127 2413 Ae.
155 2350 171 2413 Ι
203 2349 291 2434 550).
348 2351 507 2432 Equidem
543 2356 621 2432 puto
657 2369 720 2415 non
755 2352 847 2415 modo
882 2350 983 2416 verba
1018 2349 1247 2431 mythographi

73 2475 100 2535 p.
117 2459 175 2533 44,
191 2491 279 2533 to-llI,
314 2458 372 2522 sed
407 2457 505 2523 etiam
541 2476 624 2538 quae
655 2460 854 2523 antecedant
876 2458 910 2522 in
934 2458 1045 2523 eodem
1068 2456 1160 2521 fonte
1185 2475 1247 2536 quo

73 2563 210 2628 Servius
245 2582 322 2629 usus
357 2564 401 2630 sit
428 2564 540 2642 luisse,
576 2567 662 2630 hunc
686 2584 764 2631 vero
790 2584 829 2628 ex
853 2565 915 2631 alio
939 2563 1031 2629 fonte
1054 2583 1113 2645 pro
1136 2560 1248 2628 fabula

72 2669 234 2736 liberatae
259 2671 422 2736 Hesionae
445 2671 522 2737 illud
548 2674 587 2736 de
604 2671 746 2736 Hercule
762 2691 782 2736 a
797 2677 893 2752 portu
910 2669 1043 2736 defenso
1059 2670 1246 2736 inseruisse.

183 2776 460 2863 Fab.119‚1;‚-20
484 2780 570 2860 apud
594 2778 788 2843 Isidorum
815 2796 941 2859 quoquo
959 2777 1140 2844 invenimus
1164 2777 1248 2861 (Ori-

74 2884 138 2964 gin.
166 2883 244 2948 VIII
269 2888 319 2962 ll,
343 2886 500 2967 45-49).
547 2886 612 2952 Sed
642 2886 902 2967 mythographus
933 2903 995 2949 non
1020 2883 1159 2963 Isidoro,
1192 2883 1248 2948 im-

74 3009 123 3056 mo
149 2997 287 3072 uterque
312 2993 423 3057 eodem
448 2991 677 3057 commentam'o
694 2990 883 3074 Vergiliano
907 3009 985 3055 usus
1001 2989 1131 3057 videtur
1147 3005 1155 3054 :
1171 3008 1248 3072 pars

74 3098 157 3163 enim
194 3101 279 3178 apud
303 3098 448 3164 Servium
482 3098 596 3164 iisdem
619 3097 728 3165 nerbiS
752 3097 912 3179 repetitur
933 3096 989 3182 (ad
1007 3099 1064 3162 Ae.
1082 3097 1127 3161 IV
1144 3097 1247 3178 242):

73 3209 161 3273 crude
184 3208 275 3292 cirqo
296 3213 451 3291 occurentes
474 3207 589 3275 diuidit
614 3208 647 3272 id
670 3213 712 3273 est
729 3229 848 3274 ueneno
867 3229 877 3274 :
891 3229 970 3273 uam
986 3207 1131 3273 ballomer
1151 3206 1247 3272 inter-

69 3321 197 3398 pretum
222 3316 363 3382 oratioue
386 3316 539 3382 sedantur
556 3339 566 3381 .·
581 3317 666 3381 uude
694 3316 866 3382 acuendum
891 3315 1022 3381 Mutum
1045 3315 1138 3399 lcqutc'
1155 3315 1249 3398 pacis

74 3423 294 3488 codrrceolores
317 3423 469 3490 dicacatur·
486 3446 496 3488 .·
511 3423 592 3488 sicut
611 3423 696 3488 enim
711 3444 766 3505 per
783 3423 907 3506 fetiales
923 3423 999 3488 dello
1014 3421 1247 3494 indicebantur,

74 3529 116 3595 ilo
143 3551 214 3614 pua
237 3551 296 3613 per
322 3531 542 3596 caduceatores
560 3529 669 3612 fiebat.
714 3521 830 3612 Ἑρμῆς
857 3539 960 3595 orclem
988 3528 1106 3594 Graece
1132 3528 1250 3594 dicitur

73 3627 142 3698 α’πὸ
167 3637 223 3719 τῆς
245 3633 426 3720 ἑρμηνείας,
455 3638 575 3703 Lotiuc
604 3639 757 3720 iuterprcs
787 3636 842 3716 (=
859 3634 962 3715 Myth.
979 3631 1045 3698 fab·
1065 3635 1138 3714 119,
1158 3667 1247 3709 u-sc,

73 3742 156 3809 Isid.
174 3739 254 3806 VIII
274 3742 485 3819 11,47-49;
509 3761 540 3808 v.
560 3742 601 3806 16
624 3743 711 3809 uude
734 3748 761 3810 et
783 3743 873 3808 velox
895 3747 924 3808 el
947 3762 1061 3808 crrous
1084 3742 1249 3807 inducitur

74 3879 114 3903 =
143 3849 236 3914 Serv.
273 3851 330 3914 Ae.
366 3849 412 3912 IV
438 3849 517 3930 239;
553 3867 584 3915 v.
610 3849 742 3913 28—30
778 3846 819 3913 of.
845 3847 936 3913 Serv.
967 3850 1024 3913 Ae.
1050 3845 1132 3910 VIII
1167 3847 1247 3910 698:

72 3957 221 4038 Anubis]
256 3961 334 4040 quio
369 3960 469 4041 cupite
491 3960 610 4025 contro
630 3959 788 4044 pluuium,
823 3957 911 4024 hrcuc
942 3957 1052 4023 colunt
1075 3979 1139 4022 csse
1162 3957 1247 4022 Mer·

73 4065 211 4147 curium,
235 4065 304 4130 Ideo
335 4066 582 4148 quiuru'hr'lest
605 4065 888 4150 conlocandorum).
936 4064 998 4128 Sed
1034 4081 1104 4127 cum
1139 4061 1247 4142 priore

74 4189 203 4254 quoque
226 4170 321 4236 huius
353 4169 484 4236 fabulae
518 4177 612 4252 parte
637 4170 681 4256 (v.
708 4171 862 4251 10-15)‚
892 4189 974 4251 quae
999 4188 1062 4234 non
1086 4175 1138 4234 est
1161 4172 1248 4251 apud

72 4279 244 4354 Isidorum,
273 4277 421 4344 Serviani
445 4278 565 4344 similes
588 4277 650 4343 loci
674 4277 814 4344 conferri
837 4283 988 4360 possunt:
1022 4276 1113 4343 Serv.
1131 4278 1171 4343 ad
1189 4279 1246 4346 Ae.

73 4386 152 4456 VIII
179 4386 250 4456 139.
275 4386 320 4453 IV
344 4387 419 4454 252.
445 4386 504 4453 Ge.
528 4386 641 4454 1335.
