3102 5254
775 482 997 556 -md

1544 601 1545 638 l

300 706 367 757 aaa
404 683 508 757 timeri
542 684 579 755 de
601 708 645 771 eo,
681 688 757 769 quia
793 688 866 755 talis
898 688 1033 771 futuras
1066 685 1149 769 esset,
1184 687 1219 753 al
1246 681 1403 754 meriatur
1432 679 1499 752 deo

298 799 433 882 pertitas.
480 818 550 880 erqo
574 797 730 862 cirillum
753 796 935 862 consolatur
958 795 1065 862 diceas
1088 811 1115 858 e.
1140 811 1170 872 q.
1194 811 1220 858 1.

409 904 450 967 ad
473 921 503 968 v.
529 903 571 966 29
595 901 768 968 adnotavit
792 901 881 966 Bada
900 923 907 966 ι
924 905 1108 970 consolatur
1126 922 1135 967 :
1146 904 1281 986 passive,
1311 901 1401 982 qaod
1430 901 1500 966 aria:

300 1011 484 1094 fereadum·
507 1010 564 1074 sed
589 1006 629 1073 of.
652 1007 824 1090 Angustia.
850 1005 989 1074 confess.
1014 1008 1046 1084 6,
1073 1013 1088 1073 l
1116 1012 1150 1071 et
1172 1005 1294 1072 Justin.
1319 1008 1372 1082 22,
1397 1007 1496 1082 6,·4.
1544 1007 1545 1092 J

409 1117 531 1181 Contra
554 1113 754 1193 1111111136,
779 1116 833 1195 37,
857 1116 911 1192 43,
938 1116 1000 1182 144
1024 1114 1058 1178 in
1077 1113 1212 1179 niaximo
1230 1131 1393 1178 consensu
1416 1133 1497 1178 non

301 1225 442 1289 eschol.
460 1222 576 1289 Achill.
601 1225 656 1295 lad
679 1243 711 1290 v.
730 1222 803 1297 134,
829 1222 904 1302 206,
931 1223 1004 1300 102,
1029 1221 1086 1304 93)
1111 1227 1259 1302 sumptae
1283 1226 1370 1296 sunt,
1399 1221 1497 1301 quia

301 1332 560 1414 mythographus
594 1329 720 1411 plenior
749 1334 810 1409 est,
846 1330 903 1394 sed
928 1347 945 1392 1
970 1328 1082 1395 Servio
1108 1329 1253 1393 adden.
1279 1327 1404 1404 7167,
1436 1327 1496 1391 ΙΙΙ

302 1441 354 1516 73,
380 1439 423 1504 VI
449 1441 500 1521 14,
533 1439 582 1502 XI
606 1437 681 1514 260,
711 1437 765 1516 qui
789 1436 887 1502 etiam
913 1455 952 1502 ea
976 1437 1075 1501 habet
1099 1454 1181 1516 quae
1205 1435 1237 1500 in
1261 1434 1360 1500 schal.
1388 1435 1492 1500 Stat.
1544 1449 1545 1528 ζ

301 1549 429 1614 desunt.
475 1545 564 1612 Nihil
588 1552 695 1611 autem
721 1545 841 1622 obstat,
866 1543 942 1623 quin
966 1542 1109 1608 fabulam
1136 1545 1209 1620 104,
1223 1535 1312 1623 (1-1,
1337 1561 1426 1624 quae
1452 1550 1494 1608 et
1544 1563 1545 1608 l

301 1673 370 1718 cum
396 1652 494 1718 schol.
520 1653 605 1717 Stat.
631 1653 685 1730 (ad
709 1652 788 1716 Aah.
814 1650 829 1714 Ι
851 1651 929 1732 387)
954 1656 1081 1716 etcum
1107 1649 1221 1717 Servio
1245 1651 1300 1729 (ad
1325 1653 1410 1716 Aen.
1435 1650 1492 1714 ΙΙΙ

305 1763 379 1842 104)
404 1759 579 1841 conspirat,
604 1779 643 1824 ax
667 1757 1303 1840 111181111111111111111111111111,
1327 1776 1491 1838 praeser—
1544 1761 1545 1848 ᾖ

300 1869 358 1933 tim
395 1886 464 1933 cunr
499 1865 567 1932 fab.
595 1867 658 1932 103
693 1865 823 1946 etipsa
852 1885 869 1930 e
894 1866 1007 1933 Servio
1042 1863 1186 1930 fluxerit.
1234 1866 1342 1944 Atque
1376 1865 1488 1930 etiam

301 1974 368 2040 iah.
390 1975 450 2040 114
476 1972 608 2039 Servius
632 1974 687 2050 (ad
711 1971 966 2056 Asuvium),
991 1991 1054 2037 uon
1069 1972 1178 2036 schol.
1204 1971 1288 2036 Stat.
1315 1970 1372 2056 (ad
1393 1973 1486 2037 Aah.

302 2083 316 2147 Ι
341 2080 419 2166 261)
444 2080 610 2146 adhibitus
634 2086 685 2145 est
710 2079 763 2162 (ci.
782 2099 811 2161 p.
829 2079 895 2158 33).
1544 2091 1545 2120 ³

370 2386 372 2393 s
477 2427 525 2502 01
554 2430 891 2520 metamorphoseon
921 2427 1036 2503 Ovidii
1066 2426 1297 2518 argumentis.

410 2584 589 2648 Praeterea
625 2585 881 2666 mythographus
916 2582 998 2648 adiit
1033 2584 1246 2650 Narrationes
1278 2585 1483 2666 fulcaturam,

303 2715 383 2776 quae
412 2693 447 2758 ia
472 2693 514 2757 P.
540 2693 646 2759 Ouidii
669 2692 814 2760 Nasonis
845 2693 933 2759 libris
963 2693 1029 2756 XV
1049 2691 1345 2774 Metamorphosaoa
1370 2714 1482 2757 ocera—
1544 2673 1545 2738 3

169 2871 172 2876 ,
302 2807 387 2882 rami,
417 2817 500 2878 quae
523 2797 555 2862 in
581 2797 710 2879 optimis
735 2798 896 2863 codicibus
921 2797 990 2862 sine
1013 2797 1141 2862 nomine
1165 2795 1308 2862 traditae
1332 2803 1420 2872 sunt,
1447 2797 1482 2861 in
1544 2790 1545 2810 ¹

303 2904 497 2970 editionibus
521 2905 687 2970 Lactantii
711 2905 837 2970 Placidi
862 2903 981 2970 numiui
1004 2903 1162 2969 immerito
1187 2903 1391 2970 addicuntur.

408 3015 517 3094 Atque
540 3011 612 3093 ipsa
636 3017 829 3094 argumenta
852 3011 884 3075 in
909 3029 1001 3076 usum
1021 3017 1138 3077 vocata
1162 3029 1234 3076 esse
1254 3009 1328 3074 iude
1348 3011 1481 3092 colligo,

304 3122 388 3200 quod
426 3117 493 3185 fab.
532 3119 705 3186 185-188
745 3137 814 3184 cum
854 3118 893 3183 iis
932 3123 1114 3201 congruunt
1157 3117 1213 3202 (ci.
1254 3136 1338 3198 quae
1377 3137 1482 3198 supra
1544 3121 1545 3134 ¹

303 3229 390 3308 pil
411 3246 479 3307 sqq.
505 3228 544 3292 de
568 3225 750 3291 fabularum
775 3225 886 3291 ordine
911 3223 1074 3310 disserui).
1093 3262 1132 3271 —
1155 3223 1304 3290 Ceterum
1329 3224 1481 3290 videmus

303 3354 358 3400 eas
383 3335 491 3412 libros,
516 3334 631 3413 quibus
656 3334 914 3415 mythagraphus
931 3333 1112 3399 Vaticanus
1128 3351 1205 3397 usus
1230 3337 1290 3411 111,
1315 3331 1480 3398 anostris
1544 3407 1545 3412 1

303 3443 431 3524 paulum
457 3440 602 3518 differre,
635 3439 753 3522 quippe
784 3440 838 3520 qui
862 3459 960 3522 saepe
983 3441 1080 3521 paula
1105 3439 1266 3521 planiores
1290 3439 1356 3504 sint
1381 3458 1479 3519 quam

303 3549 573 3632 mythographua
621 3547 670 3611 De
695 3567 758 3626 qua
782 3567 818 3611 re
852 3566 937 3612 nunc
972 3547 1098 3626 quidem
1133 3546 1277 3612 iudicare
1301 3564 1363 3610 nun
1389 3545 1478 3627 licet,
1544 3567 1545 3638 l

304 3676 375 3722 crum
400 3662 435 3722 et
458 3655 690 3738 mythagraphi
723 3653 806 3721 liber
839 3661 873 3721 11
896 3659 1156 3737 argumentorum
1180 3659 1276 3720 vetus
1301 3653 1480 3721 Stavereui
1544 3639 1545 3688 3

304 3763 401 3830 editio
426 3765 465 3828 ad
490 3763 575 3828 hanc
598 3781 663 3826 rem
689 3781 753 3828 non
777 3759 991 3846 1116111111)

411 3872 502 3935 Haec
536 3875 613 3936 sunt
648 3889 730 3949 quae
766 3889 806 3934 ex
840 3869 1091 3934 Narrationibus
1126 3867 1308 3934 fabularum
1345 3873 1478 3950 sumpta

306 3978 381 4044 mihi
406 3977 553 4044 enotavi:

412 4103 485 4167 tab.
509 4100 557 4189 17,
570 4135 656 4178 m-aa
682 4121 699 4165 1
723 4101 815 4167 Narr.
841 4099 907 4167 fab.
932 4101 947 4166 I
971 4102 990 4166 6
1015 4122 1046 4183 p.
1063 4103 1123 4168 791
1151 4101 1241 4168 Stav.
1544 4177 1545 4180 Ἴ

410 4212 492 4277 127
503 4211 858 4294 Narnposta'mpata'eas
868 4210 1056 4278 habenttin
1067 4212 1139 4277 cleos
1149 4212 1348 4293 qucrimonia
1362 4209 1473 4278 delata.
1544 4215 1545 4290 ζ

410 4407 439 4475 1)
458 4403 493 4459 R.
512 4403 605 4458 Franz
632 4401 752 4474 quidem
772 4405 948 4474 argumenta
965 4402 1146 4473 interpolata
1165 4417 1229 4456 1111
1248 4400 1400 4456 existimat
1419 4401 1473 4470 (De
1544 4447 1545 4450 ,

304 4493 442 4550 Callistus
461 4493 569 4562 fabula,
589 4492 747 4566 Leipziger
766 4491 891 4548 Studien
910 4492 968 4547 XII
988 4493 1081 4564 (1800)
1099 4509 1127 4564 p.
1139 4496 1191 4549 264
1209 4491 1276 4548 adn.
1297 4493 1332 4561 1).
1367 4553 1374 4574 ι
