3102 5254
77 673 225 760 primitus
260 677 291 746 in
327 678 457 748 scholiis
481 679 641 748 Statianis
667 680 769 748 luisse
793 685 881 764 puto,
918 681 1001 762 quod
1026 678 1095 764 ipse
1120 675 1245 749 Statius

77 806 140 851 earu
167 789 326 868 narrauit,
350 809 419 855 cum
445 789 602 856 Horatius
626 789 782 871 nusquam
806 809 876 855 earn
894 795 1021 872 tangat.
1062 790 1245 857 Communis

76 893 174 976 igitur
207 895 282 962 fons
316 897 552 963 Pseudacronis
590 903 624 962 et
664 896 891 979 mythographi
930 897 1108 962 scholiasta
1147 897 1245 962 Statii

76 1005 270 1070 statuendus
294 1004 432 1082 videtur,
458 1023 498 1068 ex
522 1023 584 1084 quo
608 1005 868 1088 mythographus
885 1004 992 1070 omnia
1008 1004 1153 1085 sumpsit,
1175 1023 1244 1070 cum

77 1108 258 1175 Pseudacro
281 1111 427 1176 ultimum
452 1110 626 1177 omitteret.

182 1238 213 1284 6.
238 1220 280 1282 26
303 1221 483 1288 Phelorreus
506 1218 598 1285 varia
621 1217 716 1284 lectio
741 1218 881 1285 videtur.
925 1256 928 1259 ·

183 1343 417 1409 Achilleidis
441 1344 591 1410 scholia
606 1343 669 1409 iam
691 1343 923 1426 mythographi
938 1342 1090 1409 Vaticani
1106 1344 1121 1408 I
1137 1349 1245 1409 aetate

77 1463 172 1513 unum
208 1468 323 1532 corpus
357 1456 426 1516 cum
452 1450 628 1516 Thebaidis
652 1450 784 1534 scholiis
820 1449 972 1516 effecisse
1000 1450 1074 1516 iude
1099 1458 1245 1532 apparet,

78 1557 159 1632 quod
185 1557 237 1621 illa
271 1563 409 1638 utruque
444 1557 673 1623 commentario
703 1577 782 1622 usus
806 1565 866 1623 cst.
914 1557 1005 1640 Quod
1029 1557 1246 1640 intellegimus

79 1660 192 1726 eiab.
216 1663 262 1742 61,
300 1683 365 1744 qua
399 1666 657 1747 mythographus
681 1666 721 1729 da
744 1664 844 1730 Pholo
869 1671 904 1730 ct
927 1664 1067 1730 Hercule
1101 1665 1246 1730 dicturus

79 1769 251 1836 aPholoa
287 1772 371 1837 silva
406 1772 531 1838 initium
567 1771 659 1849 facit,
694 1771 715 1836 i.
741 1791 768 1836 6.
805 1772 999 1837 alemmate
1034 1773 1133 1838 schol.
1161 1771 1245 1837 Stat.

79 1875 156 1942 Ach
181 1879 198 1942 Ι
227 1879 290 1946 238
326 1878 490 1965 (p.496)1
525 1880 663 1961 Pholoe]
697 1881 777 1946 silvo
811 1887 855 1945 666
895 1879 1077 1947 Thessaliae
1111 1883 1194 1948 dictu
1227 1903 1247 1946 6

80 1984 182 2052 Pholo
208 1988 376 2070 06666666,
413 1991 467 2072 qui
491 2011 559 2054 6666
582 1987 772 2056 6666666666.Ὶ
808 1985 889 2050 Item
927 1985 1001 2050 iub.
1025 1985 1087 2049 178
1122 1988 1248 2068 mytho·

80 2093 219 2172 graphus
254 2095 351 2158 debet
384 2093 514 2159 scholiis
549 2091 745 2158 Achilleidis.
805 2093 896 2176 Quae
931 2094 973 2158 ad
1007 2084 1140 2159 verbum
1175 2112 1245 2158 cum

81 2195 191 2264 Servio
226 2202 268 2266 ad
302 2201 383 2265 Aen.
409 2202 454 2266 VI
490 2202 552 2266 134
589 2201 738 2283 congruit
771 2207 903 2284 praeter
936 2221 989 2268 66.
1015 2202 1101 2266 2-4
1137 2220 1167 2282 p.
1192 2203 1246 2279 553

81 2312 190 2372 contra
223 2313 257 2372 at
291 2309 372 2373 haee
396 2315 429 2373 et
453 2327 535 2388 quae
572 2311 769 2375 antecedunt
805 2309 927 2389 scripta
955 2308 1137 2375 invenimus
1161 2312 1247 2388 apud

81 2412 178 2478 schol.
202 2418 241 2480 ad
265 2416 347 2481 Ach.
362 2416 379 2479 Ι
401 2417 468 2482 480
491 2420 537 2498 (p.
557 2417 645 2496 501.)
693 2415 756 2481 Hic
780 2416 899 2482 dixerit
923 2416 994 2496 quis
1019 2435 1057 2482 aa
1081 2436 1100 2480 a
1125 2435 1175 2497 my
1178 2418 1247 2481 t·ho

17 2531 20 2627 6
82 2521 244 2600 grapho
236 2541 305 2603 ipso
341 2523 454 2588 addita
488 2542 571 2600 csse,
608 2521 648 2587 cf.
676 2523 766 2588 Serv.
792 2524 871 2588 Aen
898 2524 944 2588 VI
972 2525 1030 2588 57:
1065 2525 1247 2592 Achilleae

18 2632 19 2683 l
83 2633 179 2693 matre
211 2633 329 2698 timolus
362 2633 399 2698 la
426 2632 554 2717 Slyqem
576 2633 801 2716 6666666666
784 2640 983 2716 6666666666
1005 2634 1061 2698 ino
1043 2633 1248 2698 vulnerabilis

17 2776 19 2829 ‚
82 2731 240 2816 fuit(
176 2745 301 2822 66666666
325 2760 360 2804 eu
384 2745 482 2822 purte,
507 2761 571 2820 quo
594 2744 698 2806 666666
725 2739 791 2821 fult
793 2791 799 2805 .
781 2739 893 2804 rhu
915 2742 982 2801 tum
1008 2736 1145 2801 mirabili
1170 2755 1246 2802 casu

18 2849 19 2930 l
85 2843 115 2900 el
137 2843 404 2926 mythographum
436 2850 470 2909 et
494 2845 700 2910 scholiastam
726 2847 837 2910 eadem
862 2843 933 2908 fere
958 2846 1060 2910 verba
1083 2843 1247 2909 addidisse

84 2951 284 3017 statuendum
310 2957 406 3018 esset.
455 2951 561 3033 Atque
586 2954 670 3034 apud
695 2951 797 3032 ipsum
816 2951 961 3017 Servium
982 2952 1064 3015 hacc
1088 2950 1246 3016 excidisse

85 3054 249 3122 uerisimile
274 3077 336 3122 non
361 3064 422 3136 est,
447 3078 517 3124 cum
542 3058 638 3124 etiarn
664 3061 750 3140 apud
773 3078 825 3140 my
828 3059 1044 3141 thographum
1066 3057 1171 3124 Vatic
1196 3058 1247 3121 ΙΙΙ

85 3158 111 3234 6,
129 3162 285 3230 36166666.
333 3167 432 3230 Immo
456 3167 634 3232 scholiasta
658 3185 697 3230 ea
721 3165 878 3230 adiecisse
902 3165 1031 3231 videtur
1054 3165 1095 3229 ad
1119 3183 1245 3231 versum

84 3266 214 3336 4806
166 3276 214 3336 mt
215 3291 309 3354 erprc
310 3276 454 3351 tandum,
479 3293 540 3354 quo
565 3275 645 3339 haec
669 3292 721 3338 res
745 3273 906 3355 tangitur:

235 3404 362 3464 quemne
385 3385 483 3450 666666
507 3383 634 3466 6669666
658 3383 764 3448 tulerit
787 3387 900 3448 6666666
920 3403 979 3464 per
1002 3404 1112 3450 66666

235 3489 348 3556 Nerola
370 3496 399 3555 66
417 3491 568 3574 pulchros
589 3489 675 3572 ferro
698 3489 929 3573 praestruxerit
951 3495 1013 3553 6666
1003 3512 1050 3555 666.

16 3868 18 3924 6

16 3983 18 4020 6

183 3614 232 3679 Ad
256 3616 394 3679 eundum
420 3618 577 3678 comment
577 3613 681 3678 arium
706 3614 889 3679 revocanda
914 3617 965 3676 est

184 3719 256 3784 fab.
280 3720 405 3806 23‚13..
409 3755 441 3796 ³0
466 3723 496 3803 (0
521 3721 588 3786 sch.
615 3721 694 3786 Ach.
719 3720 737 3784 Ῑ
761 3721 803 3787 65
827 3740 858 3801 p.
872 3721 951 3800 489)

133 3832 164 3890 et
150 3827 260 3893 tfab
283 3827 357 3893 207
381 3835 412 3910 (6
435 3829 503 3893 sch.
528 3829 608 3894 Ach.
633 3828 772 3908 1931)
790 3825 880 3912 490).

182 3937 279 4001 629
303 3939 436 4004 slcut—
395 3939 613 4021 serperent
636 3953 699 3999 non
723 3934 756 3998 in
781 3935 881 4000 schol.

183 4043 386 4110 629-3οῑ
421 4049 569 4124 apertum
606 4048 658 4107 est
680 4043 741 4107 hoc
765 4061 837 4107 asse
862 4040 1008 4107 scholion
1031 4041 1245 4108 Achilleidis:

16 4181 18 4244 3
86 4161 151 4212 nam
184 4151 284 4216 verba
307 4175 328 4218 6
352 4153 500 4237 Neptuno
533 4151 659 4233 frruslro
693 4154 873 4218 6666666666
902 4148 1077 4215 referenda
1107 4150 1247 4214 suntad

16 4261 18 4342 6
87 4251 162 4320 Stat.
186 4259 264 4323 Ach.
289 4258 305 4322 l
328 4259 372 4322 90
394 4278 441 4338 sq.
467 4295 509 4304 —
534 4257 796 4340 Mythographus
820 4259 921 4324 verba
953 4258 1151 4322 scholiastae
1175 4275 1246 4322 cuu-

16 4365 18 4380 ”
86 4361 196 4430 traxit:
232 4391 301 4454 erqo
337 4369 413 4434 ulum
449 4375 630 4450 quereretur
665 4367 752 4450 urard
787 4367 974 4449 Neptunum
1010 4375 1037 4433 el
1067 4367 1187 4432 6666666
1211 4367 1247 4432 cle

87 4478 177 4560 66666
197 4476 339 4552 Arlrlllr's,
370 4499 403 4543 eo
434 4474 518 4558 quod
540 4496 561 4538 u
583 4480 674 4560 polre
697 4477 781 4540 66666
797 4477 945 4558 marialis,
979 4474 1055 4543 clicil
1078 4474 1247 4559 Neptunus
