3102 5254
773 371 993 438 „40„.

434 571 537 653 Myth.
562 568 628 636 fab.
658 573 734 636 171:
991 568 1088 636 schol.
1116 569 1216 634 Theb.
1240 568 1286 632 IV
1311 567 1394 634 837:

301 677 478 759 Lycormas
501 677 628 757 quidam
653 676 783 754 fluvius,
804 677 857 757 qui
912 677 1102 758 Lycormas]
1116 675 1169 755 qui
1182 680 1216 739 et
1225 674 1367 756 Euenus
1379 691 1489 754 quem
1545 668 1546 700 ¹

302 789 336 849 et
351 785 483 850 Euenus
500 783 627 861 dicitur,
652 783 745 849 iuxta
765 802 857 864 quem
914 783 1128 848 Centaureum
1150 780 1241 859 dixit,
1267 783 1351 861 quod
1375 779 1413 844 in
1443 799 1489 844 eo

301 891 423 956 Nessus
440 898 492 958 est
505 889 700 956 interiectus
719 892 760 956 ab
778 891 858 956 Her·
914 889 1063 956 Herculis
1087 888 1220 971 sagittis
1244 888 1367 952 Nessus
1395 887 1488 952 Cen-

302 998 382 1075 cule,
400 1017 465 1063 rem
484 997 625 1082 coniugii
645 997 770 1063 faciens
787 1017 858 1065 cum
914 1003 1027 1062 taturus
1070 996 1114 1063 sit
1151 995 1378 1075 interemptus.
1445 999 1488 1059 ut

301 1105 466 1182 Deianira,
475 1105 737 1172 uxoreHerculis
751 1106 859 1189 Quare
913 1105 1066 1170 Lucanus
1079 1118 1087 1168 ;
1099 1111 1126 1172 ei
1143 1106 1353 1189 Meleagream
1364 1124 1484 1168 mocu-

300 1213 372 1294 ipse
396 1212 556 1278 Hercules
592 1215 751 1294 quandam
775 1211 860 1276 tuni·
914 1215 997 1278 luicis
1030 1212 1189 1296 sanquine
1213 1210 1308 1276 Nessi
1343 1210 1485 1276 Euenos

302 1339 370 1385 cam
396 1318 510 1396 induit,
534 1337 647 1385 cruore
671 1319 767 1385 Nessi
781 1319 859 1383 Cen·
915 1319 1078 1402 Calydona
1098 1326 1241 1386 secut-
1256 1314 1482 1380 Centaureum

301 1426 388 1491 tauri
427 1431 626 1508 perunctam,
664 1428 751 1491 unde
789 1425 860 1507 ipse
915 1425 996 1502 ideo,
1022 1424 1097 1504 quia
1128 1425 1214 1490 hunc
1237 1423 1363 1489 Nessus
1397 1420 1483 1485 Oan-

302 1552 477 1615 perpessus
508 1539 559 1598 est
586 1532 791 1599 intolerabile
814 1531 860 1597 in·
915 1539 1029 1598 taurus
1061 1530 1274 1597 custodiebat.
1322 1527 1481 1594 Herculis

303 1641 450 1706 caudium
475 1640 648 1721 corporis·
914 1658 992 1704 vero
1015 1636 1129 1704 fabula
1151 1637 1277 1703 cunctis
1303 1634 1483 1702 notissima

916 1752 977 1812 est.
1341 1809 1344 1816 .

410 1855 482 1920 Hoc
516 1853 662 1920 scholion
697 1853 798 1934 primo
832 1853 960 1936 plenius
992 1851 1096 1918 fuisse
1117 1851 1175 1917 illa
1198 1852 1301 1918 verba
1324 1852 1482 1918 Herculis

302 1964 415 2047 subulo
449 1965 570 2030 ciconiis
604 1966 770 2030 notissima
797 1970 841 2030 ost
855 1961 1018 2029 uidentur
1048 1961 1229 2026 ostendere.
1257 1995 1298 2004 -·
1323 1958 1480 2023 Ceterum

302 2067 369 2134 fab.
397 2070 452 2134 171
495 2088 512 2133 0
547 2069 697 2134 Statiano
734 2067 964 2134 commentario
999 2067 1173 2132 delibatam
1207 2085 1280 2132 esse
1315 2065 1369 2131 vel
1403 2065 1480 2131 inde

304 2175 411 2259 colligi
435 2183 519 2258 post,
555 2177 639 2256 quod
663 2182 696 2241 et
719 2175 784 2240 fab.
812 2177 876 2243 170
900 2182 933 2240 et
956 2174 1022 2240 lab.
1049 2176 1112 2239 172
1149 2175 1190 2238 ad
1225 2175 1312 2238 hunc
1335 2173 1479 2240 scholia·

304 2288 387 2348 stam
413 2285 558 2349 redeunt.

412 2392 521 2471 Atque
545 2390 641 2455 etiam
666 2410 706 2455 ex
729 2389 809 2472 ipsis
833 2389 965 2456 scholiis
989 2389 1194 2471 intellegitur
1213 2388 1338 2469 aliquot
1353 2389 1479 2455 scholia

305 2497 452 2580 periisse,
477 2495 526 2562 ci·
544 2497 643 2562 schol.
670 2501 711 2562 ad
736 2498 870 2566 Thebi
894 2499 935 2562 61
961 2517 990 2578 p.
1009 2501 1043 2564 8:
1068 2499 1185 2564 horum
1207 2498 1350 2564 ommium
1367 2501 1478 2565 seriem

303 2607 487 2689 fabularum
513 2607 548 2672 ia
571 2611 754 2692 urqrrmeuto
779 2608 985 2692 digessimus:
1007 2605 1092 2684 quod
1116 2608 1225 2667 tamen
1249 2609 1478 2685 argumentum

304 2713 337 2796 in
362 2712 481 2777 nostris
506 2711 669 2778 codicibus
692 2731 756 2778 non
781 2709 934 2796 exstat.1)

413 2820 504 2903 Quae
530 2839 598 2884 cum
623 2818 672 2885 ita
695 2819 771 2897 sint,
802 2824 835 2883 et
859 2838 898 2884 ea
921 2837 1004 2898 quae
1029 2836 1098 2882 cum
1124 2817 1353 2882 commentario
1379 2819 1477 2883 Stati·

306 2946 368 2992 ano
403 2945 467 2992 non
502 2926 687 2992 accuratius
721 2925 927 2992 consentiunt
963 2931 996 2991 et
1027 2944 1109 3006 quae
1140 2925 1173 2989 in
1199 2944 1236 2990 eo
1261 2924 1389 2990 omniuo
1413 2944 1477 2990 non

305 3033 526 3111 inveniuntur,
558 3037 599 3098 ad
623 3036 709 3099 hunc
732 3033 941 3100 scholiastam
965 3051 1117 3114 revocare
1142 3048 1321 3113 possumus,
1341 3033 1385 3097 si
1410 3031 1476 3112 qui-

306 3144 376 3207 dem
403 3140 557 3223 gravibus
582 3139 690 3206 causis
714 3141 914 3206 adiuvamur.

414 3249 465 3312 En
490 3268 548 3314 eae
571 3246 714 3326 fabulae,
740 3267 823 3330 quae
843 3267 883 3311 ex
899 3247 1031 3313 scholiis
1048 3246 1223 3312 Thebaidis
1240 3247 1476 3328 transscriptae

307 3355 473 3422 videntur:

415 3463 489 3526 fab.
513 3461 550 3528 15
575 3483 592 3528 e
616 3464 683 3528 sch.
709 3464 768 3529 Th.
794 3463 840 3528 IV
864 3464 930 3530 550
954 3483 985 3544 p.
999 3464 1076 3540 223,Ι
1090 3498 1165 3538 o-n·

414 3574 489 3638 ab
526 3574 559 3639 iu
593 3572 682 3655 feros
716 3571 804 3638 Bode
838 3569 962 3635 addidit
991 3576 1123 3652 praeter
1157 3569 1398 3650 necessitatem,
1434 3568 1473 3635 ci.

308 3678 406 3744 schol.
433 3678 518 3743 Stat.
1310 3741 1313 3746 .

414 3787 490 3851 v.2
527 3789 560 3849 et
595 3788 695 3851 codex
730 3783 962 3867 mythographi
997 3789 1030 3848 et
1065 3784 1163 3850 schol.
1190 3785 1275 3850 Stat.
1299 3788 1336 3852 io
1370 3787 1473 3854 incedo

309 3895 478 3972 Maeonia·
512 3893 600 3957 Bodo
619 3915 625 3958 :
642 3896 680 3961 io
714 3896 820 3961 insola
855 3895 976 3971 Aeuom
1005 3893 1060 3956 sed
1097 3890 1300 3956 scribendum
1336 3910 1408 3956 esse
1440 3896 1475 3960 ia

308 4001 419 4068 insudo
443 4003 617 4083 Maeoniae,
642 3999 662 4064 i.
688 4019 715 4065 e.
738 3999 880 4064 Aenaria
904 3998 959 4080 (of.
986 3999 1076 4065 Serv.
1101 4000 1159 4063 Ae.
1184 3997 1335 4083 lxma)
1371 4005 1504 4065 monet·

309 4108 466 4172 Muncker
490 4108 531 4172 ad
555 4107 642 4189 Hyg.
667 4106 733 4172 fab.
761 4109 833 4174 125.

414 4234 444 4282 v.
472 4216 513 4279 13
538 4218 628 4282 0000103
651 4238 806 4283 0001000-
820 4217 964 4283 occubuit
987 4233 1052 4281 non
1076 4215 1108 4280 in
1133 4214 1345 4280 schol.'Stat.

418 4375 443 4442 1)
463 4372 500 4428 of.
520 4371 729 4441 Wilamowitz,
748 4372 849 4430 Herm.
868 4372 998 4428 XXXIV
1016 4389 1044 4446 p.
1057 4376 1110 4430 602
1129 4389 1172 4444 sq.
