3102 5254
790 419 1030 520 --oo--⁴

424 615 498 683 lab.
521 616 591 684 211:
628 637 668 683 ex
691 617 800 684 verbis
825 617 868 703 (v.
887 620 906 683 3
923 624 984 699 sq.)
1008 621 1083 687 incia
1103 619 1178 687 dicit
1199 625 1290 703 poeto
1305 617 1506 704 :dinanius
1540 707 1541 712 ἵ

286 741 288 748 ’
316 729 451 795 iunicum
472 724 617 795 Achillis‘
650 725 853 808 intellegitur
886 727 970 792 hanc
1002 724 1145 791 fabulam
1180 725 1419 808 petitam-esse
1457 747 1504 791 ex
1540 761 1541 802 γ

316 833 544 898 commentario
579 832 770 915 Vergiliano
789 848 795 898 :
813 853 887 899 nam
922 840 1020 915 poeta
1054 833 1109 898 ille
1145 838 1197 898 est
1220 833 1386 917 Vergilius
1421 834 1501 920 (Ae.
1540 905 1541 916 χ

317 940 350 1004 ll
374 939 462 1025 275).

422 1064 472 1128 De
506 1065 691 1130 Patroclo
727 1066 788 1130 hoc
822 1072 937 1130 narrat
971 1065 1036 1130 DS.
1061 1066 1119 1130 Ae.
1144 1065 1277 1140 11276,
1314 1063 1356 1131 cf.
1382 1072 1502 1131 tamen
1540 1081 1541 1112 1

316 1172 474 1253 Hesych.:
508 1165 668 1243 λωπιοτός
692 1165 709 1234 ὅ
734 1168 943 1256 Παλαμήδης·
990 1170 1025 1236 ἐκ
1059 1176 1114 1258 τῆς
1147 1175 1213 1236 τῶν
1247 1171 1387 1254 ἱματίων
1418 1170 1501 1236 ἐπι·
1540 1217 1541 1220 ¹

316 1280 438 1363 ρίψιως
473 1275 727 1365 (ἐπιλείψεως
761 1278 842 1345 coni.
865 1280 980 1361 *Lewy
1014 1279 1047 1345 in
1082 1271 1251 1344 Roscheri'
1273 1279 1379 1346 lexico
1411 1299 1437 1346 s.
1465 1301 1499 1346 v.
1540 1317 1541 1338 l

316 1385 439 1480 Palam.
465 1386 514 1450 m
538 1387 647 1469 nano).
1540 1377 1541 1390 '

422 1529 452 1576 v.
478 1511 520 1577 38
540 1516 743 1598 pnomiitmte
765 1515 793 1579 ei
816 1515 1056 1598 Polyxenam
1090 1515 1181 1581 dure:
1218 1509 1258 1577 cf.
1284 1512 1427 1578 Tzetzes
1453 1515 1500 1577 ad

317 1618 478 1700 Lycophr.
504 1619 578 1684 269.
1540 1611 1541 1616 ¹

424 1760 497 1824 sab.
522 1759 597 1823 214:
632 1762 795 1843 mythogr.
820 1761 927 1827 Vatic.
953 1779 1031 1826 usus
1062 1749 1123 1826 est¹
1141 1760 1337 1842 scholiasta¹
1353 1761 1499 1844 Vergilii

316 1870 355 1933 ad
380 1869 438 1933 Ae.
463 1868 478 1931 l
502 1868 568 1935 340
591 1883 676 1948 squ:
702 1867 743 1934 cl.
768 1871 869 1935 verba
892 1873 929 1938 ol>
953 1872 1037 1954 quod
1059 1870 1181 1953 fucinum
1196 1871 1360 1955 Byrsam,
1381 1877 1498 1954 postea

316 1974 542 2062 Cunthaqimem
565 1979 686 2043 uocauit
710 1981 744 2040 et
766 1977 866 2058 Verg.
884 1994 914 2042 v.
932 1976 995 2040 367
1020 1977 1100 2059 facti
1124 1978 1161 2043 de
1183 1979 1313 2044 momine
1336 1978 1497 2061 Byrsam.
1540 1985 1541 1988 ’

316 2080 364 2147 Of.
390 2081 422 2147 S.
447 2086 505 2147 Ae.
530 2082 546 2145 Ι
569 2082 643 2146 343.
669 2082 743 2150 363.

424 2207 456 2272 S.
480 2206 579 2271 AeI
613 2208 676 2271 367
714 2258 720 2271 .
747 2259 754 2272 .
781 2259 787 2271 .
812 2215 847 2275 mi
881 2215 989 2276 emeret
1025 2214 1150 2276 tumtum
1186 2215 1296 2292 terroe,
1332 2217 1497 2292 quantum
1540 2189 1541 2264 ἶ

310 2321 416 2398 posset
439 2316 559 2382 coricum
584 2318 668 2384 bouis
691 2321 801 2382 lemene.
848 2317 957 2399 itaque
981 2319 1101 2383 corium
1124 2318 1162 2384 im
1178 2315 1243 2399 filo
1260 2317 1498 2400 propemodum

315 2428 430 2488 nectum
454 2420 504 2505 (im
520 2425 722 2490 mittissimus
738 2424 891 2506 cominius
911 2415 1025 2490 seclum
1041 2421 1125 2499 BMl,
1151 2420 1192 2488 cf.
1211 2420 1327 2506 myth.)
1352 2425 1496 2506 otendit,

316 2531 539 2614 oooztpum'tque
572 2531 675 2596 studio
711 2530 829 2596 XXII.
854 2552 951 2611 quum
975 2553 1040 2596 rem
1064 2533 1170 2598 leniter
1196 2533 1307 2615 ,tumuit
1335 2530 1498 2614 Voryilims

317 2637 450 2703 diceudo
474 2636 562 2718 ,scioli
592 2638 629 2701 de
651 2638 780 2703 momine
803 2636 963 2722 Byrsom‘.
1012 2635 1213 2720 (Lectionem
1246 2635 1346 2701 codic.
1371 2636 1451 2700 BMl
1478 2655 1497 2700 e

316 2741 553 2824 mythographo
578 2741 757 2808 derivatam
782 2748 880 2824 putat
903 2743 996 2807 Thilo
1020 2741 1122 2824 praef.
1147 2763 1177 2824 p.
1203 2741 1422 2827 LXXXVH.)
1540 2779 1541 2784 κ

424 2902 497 2966 sab.
521 2901 598 2965 215:
635 2903 775 2968 eschol.
802 2904 842 2968 ad
878 2904 937 2968 Ae.
962 2903 977 2966 l
1002 2904 1042 2967 15
1066 2922 1147 2983 sqq„
1183 2907 1224 2969 ad
1259 2921 1339 2983 quos
1373 2922 1496 2971 versus

316 3009 496 3090 respiciunt
520 3011 622 3076 verba
656 3035 695 3078 m
718 3034 779 3093 quo
816 3010 1039 3098 Corlhuomem
1073 3035 1224 3097 cucumam
1246 3013 1335 3080 Iuno
1370 3035 1498 3096 semper

315 3119 478 3186 aulicam.

424 3239 473 3307 cf.
499 3242 531 3308 s,
548 3243 606 3308 ne.
624 3243 669 3307 ιν
692 3243 758 3311 oso
781 3247 903 3329 patrios
926 3243 960 3326 u.
978 3262 1005 3310 e.
1024 3203 1247 3327 carthaginis)
1271 3242 1353 3328 aa]
1372 3245 1495 3313 naur-
1540 3249 1541 3252 ‘

316 3373 397 3420 mmm
422 3357 449 3419 el
472 3351 643 3418 quooem.
1257 3391 1259 3396 -

424 3474 575 3540 Ceterum
600 3480 634 3539 et
657 3474 722 3540 iab.
748 3477 812 3540 214
849 3481 883 3540 et
916 3475 983 3542 fab.
1009 3478 1073 3544 216
1108 3496 1149 3542 ex
1185 3477 1415 3543 commentario
1449 3481 1495 3544 ad

317 3581 452 3663 primum
477 3581 591 3647 librum
617 3583 773 3648 Aeneidis
797 3584 917 3648 hausta
941 3589 1001 3649 est.

424 3724 495 3790 lab.
513 3724 575 3789 219
600 3725 720 3790 conicio
745 3728 785 3791 acl
811 3725 1072 3792 commentarium
1090 3727 1188 3809 Verg.
1214 3728 1271 3791 Ae.
1296 3727 1343 3792 VI
1367 3727 1492 3793 redire:

316 3852 389 3897 nam
423 3831 634 3912 insequentes
669 3851 795 3913 quoque
818 3831 949 3898 fabullae
978 3854 1020 3898 ex
1043 3833 1138 3900 huius
1161 3833 1234 3899 libri
1258 3835 1493 3901 commentario

316 3944 466 4020 sumptae
490 3947 567 4005 sunt
590 3941 634 4013 (v.
660 3959 691 4021 p.
719 3943 758 4005 12
784 3944 818 4005 et
841 3941 909 4023 36).
956 3942 1063 4020 Atque
1087 3939 1229 4006 fortasse
1257 3940 1323 4006 fab.
1348 3943 1414 4006 219
1440 3949 1494 4007 est

317 4046 416 4112 schol.
441 4048 481 4111 ad
506 4066 536 4113 v.
562 4047 644 4111 823:

422 4175 525 4240 uincet
549 4195 638 4239 amor
656 4175 786 4258 potuine
809 4175 1001 4257 laudumque
1023 4176 1176 4241 immenso
1201 4174 1325 4258 cupido.

317 4298 359 4362 ad
382 4298 465 4362 haec
487 4297 590 4363 verba
605 4301 683 4378 puto
699 4297 816 4381 Reguli
834 4299 1011 4381 exemplum
1030 4300 1186 4379 quendam
1205 4303 1490 4368 commentatorem

317 4402 478 4472 attulisse.
