3102 5254
803 386 1019 453 -24-

325 587 482 664 superata
499 587 559 649 cst.
584 583 641 648 sed
664 557 882 664 Hippomenes
938 586 1093 664 superata
1116 588 1176 647 est.
1201 583 1259 648 sed
1275 581 1504 664 Hippomenes

325 688 447 771 potitus
470 687 607 755 victoria
938 688 1228 771 potitus'victoria
1253 686 1338 774 (eum
1356 687 1504 772 gratiam

938 795 1057 862 Veneri
1086 797 1140 864 rel
1163 795 1283 862 oblitus
1312 801 1413 874 esset,
1453 794 1505 860 vel

937 901 1139 986 neglexisset
1184 900 1317 984 referre,
1367 902 1505 984 inpulsu

451 1009 484 1076 in
509 1011 580 1076 luco
603 1010 718 1076 matris
742 1013 882 1090 deorum,
939 1008 1021 1094 eius)
1067 1009 1101 1074 in
1139 1011 1211 1076 luco
1250 1009 1364 1076 matris
1403 1012 1504 1075 deum

325 1116 528 1198 impatientia
541 1118 732 1199 compulsae,
742 1117 884 1184 cumvic·
939 1115 1072 1210 amoris·
1091 1116 1274 1198 inpatienta
1307 1136 1379 1183 cum
1410 1115 1505 1183 victa

325 1225 747 1291 tantalanteremhahuit.
772 1244 799 1290 e.
814 1245 842 1306 q.
857 1243 882 1292 s.
940 1223 1123 1291 concubuit.
1171 1243 1197 1289 1.
1224 1245 1255 1305 q:
1279 1242 1305 1289 s.
1336 1254 1338 1265 ·

431 1385 559 1478 Deinde
583 1355 687 1451 Thilo
700 1367 825 1451 tractat
847 1356 917 1452 tres
941 1384 1081 1463 fabulas,
1113 1353 1228 1465 ouibus
1252 1403 1321 1450 cum
1347 1383 1505 1467 pleniori-

325 1493 386 1558 bus
408 1491 501 1559 lihris
525 1491 701 1560 similitudo
726 1496 883 1573 quaedam
907 1498 972 1558 est:

433 1616 498 1682 fab.
520 1620 582 1686 138
605 1637 636 1684 v.
654 1619 785 1704 29-32
810 1616 853 1685 11.
871 1619 955 1684 Dan.
981 1619 1073 1686 Serv.
1097 1619 1156 1684 Ae.
1181 1617 1197 1682 Ι
1219 1617 1284 1682 619

495 1769 498 1774 -
591 1726 785 1808 (1.26-28
811 1731 844 1791 et
867 1726 1000 1791 aar-40
1023 1746 1041 1789 e
1066 1725 1156 1792 Serv.
1180 1725 1238 1790 Ae.
1262 1724 1397 1810 1619);

434 1849 547 1916 merito
571 1849 651 1916 dicit
675 1850 768 1916 Thilo
791 1870 856 1917 non
879 1851 928 1916 ita
951 1856 1121 1931 utrumque
1145 1848 1333 1932 scriptorem
1359 1850 1504 1916 intense

328 1956 524 2035 consentire,
559 1963 596 2022 ut
630 1957 714 2023 alter
749 1959 789 2024 ad
825 1956 960 2024 alterius
985 1957 1212 2024 alletoritatem
1246 1975 1282 2023 se
1315 1956 1503 2040 applicasse

208 2057 210 2062 ’
327 2061 493 2142 viduatum
594 2105 596 2112 ·

435 2169 568 2236 111175
604 2191 644 2237 ex
677 2177 771 2255 parte
806 2170 934 2252 quidem
970 2191 1040 2238 cum
1075 2172 1159 2240 Dan.
1184 2171 1275 2238 Serv.
1301 2173 1358 2236 Ae.
1387 2170 1434 2235 lv
1460 2171 1501 2232 99

329 2277 502 2362 consentit,
538 2280 595 2345 sed
630 2278 731 2351 totius
754 2277 887 2344 fabulae
910 2277 984 2345 fons
1020 2284 1071 2344 est
1094 2278 1192 2344 schol.
1218 2281 1260 2343 ad
1284 2278 1369 2344 Stat.
1395 2277 1499 2343 Theh.

327 2383 378 2449 ΙΙΙ
402 2385 504 2462 2113;Α
614 2452 616 2458 ,
908 2451 910 2458 ,

435 2491 547 2573 itaque
571 2499 661 2568 recte
686 2493 833 2559 concludi
858 2479 1000 2568 licetne
1028 2491 1171 2558 fabulam
1192 2492 1251 2558 101
1278 2491 1415 2572 quidem,
1437 2489 1501 2554 etsi

330 2619 401 2666 cum
424 2599 508 2664 Dan.
533 2601 623 2667 Serv.
648 2603 689 2666 ad
714 2601 771 2666 Ae.
795 2601 898 2670 1505
930 2603 970 2666 ad
995 2601 1125 2666 verbum
1151 2599 1311 2684 congruit,
1348 2595 1501 2663 11111111-

328 2705 483 2773 tamentis
519 2706 623 2774 Servii
658 2713 845 2791 excerptam
882 2727 964 2790 esse,
1001 2710 1059 2774 sed
1094 2710 1136 2774 ad
1170 2726 1266 2773 unum
1300 2708 1500 2787 erundemque

329 2813 452 2894 fontem
475 2813 591 2880 redire.
681 2876 683 2882 ,

438 2939 586 3005 Ceterum
618 2939 652 3005 in
676 2939 821 3007 fontibus
851 2939 1088 3008 constituendis
1113 2938 1221 3005 cautio
1245 2945 1343 3020 atque
1366 2937 1500 3021 diligen·

330 3046 378 3112 tia
402 3045 586 3112 adhihenda
610 3057 674 3125 est;
699 3046 740 3114 cf.
765 3045 831 3112 fab.
856 3049 899 3113 99
923 3066 992 3114 cum
1018 3045 1132 3114 Servio
1156 3047 1197 3111 ad
1220 3046 1280 3112 Ae.
1304 3047 1334 3112 V
1358 3046 1437 3111 823:

534 3169 600 3237 inb.
625 3173 682 3237 99:
1082 3172 1114 3239 S.
1139 3173 1198 3237 Ae.
1223 3171 1252 3238 V
1276 3172 1356 3239 823:

332 3279 475 3344 Glaucus
486 3279 632 3360 piscator
643 3277 708 3344 fuit
720 3280 888 3345 deAnthe-
988 3279 1129 3346 Glaucus
1164 3276 1416 3362 (Anthedonius)
1454 3274 1499 3357 pi-

331 3387 415 3451 done
439 3383 582 3452 civitate.
608 3384 661 3467 qui
685 3403 754 3452 cum
775 3391 888 3468 captos
943 3392 1052 3452 soator
1080 3385 1153 3452 iuit.
1201 3383 1354 3466 quicum
1388 3389 1499 3466 captos

330 3493 438 3575 pisces
455 3510 552 3575 super
570 3494 702 3558 herbam
726 3492 890 3574 posuisset
943 3494 1051 3575 pisces
1066 3512 1165 3575 supra
1181 3492 1313 3557 herbam
1327 3491 1499 3557 abiecisset

331 3600 364 3666 in
381 3598 488 3677 litore,
513 3606 547 3666 et
562 3599 609 3664 illi
625 3606 757 3682 recepto
773 3599 889 3682 spiritu
945 3605 979 3665 et
1002 3618 1057 3666 eos
1076 3598 1237 3680 recepisse
1253 3597 1392 3666 vidisset
1406 3615 1499 3678 quam

332 3706 436 3774 maria
458 3706 629 3788 petissent,
658 3706 763 3773 sensit
791 3724 889 3789 quan·
944 3706 1121 3773 amiserant
1132 3706 1244 3784 vitam,
1256 3705 1422 3772 intellecta
1431 3705 1498 3768 her-

333 3817 405 3880 dam
421 3815 595 3880 herbarum
615 3813 802 3895 potentiam.
823 3812 890 3894 qui·
943 3815 1056 3879 harum
1080 3814 1237 3895 potent-ia,
1262 3830 1321 3878 esu
1342 3830 1449 3880 earum
1465 3810 1497 3874 in

332 3919 655 3990 husesisconversus
668 3920 890 3988 cstinnumen
945 3922 1037 3985 deum
1061 3925 1206 3986 mutatus
1230 3926 1290 3986 est.

333 4047 503 4096 mannum.

421 4153 504 4220 'Hic
532 4153 625 4220 Thilo
649 4150 833 4220 adnotavit:
858 4154 1025 4239 exscreat
1048 4153 1150 4238 Myra
1177 4153 1203 4218 I
1222 4156 1278 4220 99.
1326 4153 1391 4220 Sed
1424 4167 1497 4218 vere
1536 4184 1537 4204 1

332 4261 391 4326 illa
424 4259 537 4326 fabula
572 4263 613 4326 ad
647 4261 779 4327 verbum
814 4277 967 4342 expresse
1002 4264 1054 4326 est
1088 4277 1130 4324 ex
1165 4259 1279 4330 Servio
1309 4262 1351 4329 ad
1382 4260 1494 4340 Georg.
1536 4235 1537 4326 1

333 4367 449 4435 1437.
