3102 5254
751 369 970 437 ..62-

271 569 440 654 plcoeruol
464 566 576 655 apros,
611 571 679 638 ideo
702 571 800 654 falsos
833 572 911 655 qaia
934 592 1001 638 ooo
1023 576 1117 638 eram
1141 570 1204 638 illis
1221 572 1356 655 proprii.
1406 568 1462 636 Et

277 678 483 760 querebant
517 679 561 745 le
594 681 677 745 sele
706 678 1061 762 ploois‘frorcir'bece
1095 700 1250 744 corolla.
1297 678 1461 745 Fecerunt

277 791 379 850 orclem
414 786 548 852 rcomirco
583 807 693 852 cortem
718 783 880 869 Orosippc,
905 784 1019 868 Ipiboe,
1045 785 1230 852 laborioso:
1258 783 1310 848 hic
1333 783 1459 847 scholi-

277 895 360 970 asta,
386 889 439 969 qui
463 888 605 956 fortasse
628 889 721 956 bonis
745 890 983 956 commentariis
1007 909 1084 956 usus
1108 896 1170 967 est,
1195 890 1293 955 etiam
1309 891 1459 970 praebet

277 998 361 1075 quod
401 997 629 1079 mythographi
674 996 783 1064 verbis
821 999 1013 1082 qrreerebo-oi
1057 1000 1093 1065 io
1133 999 1288 1082 capitibus
1326 1019 1457 1065 corbera

277 1105 460 1184 respondet.

385 1247 458 1310 lab.
483 1245 530 1309 87
554 1267 595 1311 ex
618 1249 729 1312 eodem
753 1245 845 1312 fonte
869 1253 967 1327 atque
994 1248 1089 1313 Brev.
1115 1247 1234 1328 Expos.
1260 1249 1300 1312 ad
1326 1247 1455 1329 Georg.

278 1353 336 1418 19
372 1373 402 1435 p.
420 1355 502 1420 202:
538 1371 610 1418 nam
635 1353 712 1419 illud
738 1357 845 1422 Oresta
870 1362 1052 1435 corruptum
1078 1354 1110 1419 in
1135 1354 1297 1419 codicibus
1321 1372 1456 1434 quoque

277 1449 394 1526 Brevis
430 1460 649 1542 Expositionis
684 1459 849 1526 invenitur
866 1483 873 1528 :
891 1464 999 1528 Ovislo
1034 1466 1119 1530 erclm
1145 1462 1240 1545 filios
1273 1485 1360 1547 preco
1391 1480 1455 1544 pro

276 1569 449 1652 Staphylus
472 1571 555 1636 emim
581 1571 677 1636 Oenei
701 1569 794 1655 (repis
812 1571 958 1654 postor)‚·
993 1573 1097 1633 ortum
1123 1574 1229 1633 autem
1255 1574 1307 1634 est
1330 1568 1388 1645 sic,
1414 1575 1457 1633 ut

278 1694 318 1740 ex
342 1675 450 1740 verbis
473 1675 670 1740 scholiastae
689 1690 695 1738 :
714 1674 913 1760 (Poculoque
946 1679 1086 1744 coverchis
1109 1677 1286 1760 Achelom'a
1309 1676 1453 1760 mischlii)

277 1784 367 1864 roris]
400 1785 577 1868 Staphylus
610 1786 692 1851 enim
729 1785 824 1851 Ocoec'
848 1833 854 1847 .
881 1833 888 1848 .
915 1834 921 1846 .
957 1781 1056 1847 fieret
1073 1806 1080 1848 ε
1098 1785 1206 1850 Obicio
1233 1784 1330 1867 filios
1365 1788 1454 1852 enim

277 1914 363 1978 poen
389 1941 394 1954 .
422 1941 428 1956 .
455 1941 462 1954 .
508 1889 599 1954 Illam
625 1889 840 1970 corruptelam
865 1890 1055 1971 scriptorem
1081 1888 1195 1954 BrevIs
1226 1889 1453 1970 Expositionis

277 1997 392 2063 iamin
416 1996 506 2062 fonte
537 1996 701 2062 invenisse
735 1996 810 2062 iude
845 2002 992 2078 apparot,
1029 1999 1112 2076 qood
1146 1997 1209 2062 iam
1242 1999 1327 2066 enim
1359 2003 1454 2062 ante

277 2123 385 2172 vocem
405 2107 500 2190 filios
522 2103 712 2169 collocatum
737 2111 797 2169 est.

386 2229 504 2325 Cetera
539 2248 602 2294 non
638 2230 836 2294 adverbum
868 2228 954 2295 inter
976 2247 1012 2293 se
1037 2234 1228 2311 congruunt.
1277 2227 1325 2293 Of.
1352 2229 1453 2294 etiam

277 2337 343 2402 DS.
368 2337 425 2402 Ge.
450 2337 465 2400 Ι
489 2338 508 2402 8
534 2354 563 2416 p.
583 2337 656 2432 132.
703 2336 798 2400 Prob.
825 2335 883 2400 Ge.
908 2336 923 2399 Ι
946 2337 966 2400 8
990 2355 1022 2416 p.
1043 2335 1107 2400 349
1131 2353 1178 2415 sq.

386 2460 522 2546 (Eadem
558 2479 641 2540 quae
677 2459 709 2524 in
742 2459 838 2527 Brev.
863 2459 944 2541 Exp.
970 2466 1047 2525 sunt
1078 2463 1164 2542 apud
1188 2461 1369 2526 Boucherie
1406 2460 1453 2544 [ln

279 2571 347 2634 corl.
374 2570 571 2649 Montepess.
597 2566 674 2648 253]
698 2586 729 2648 p.
748 2569 800 2647 21,
814 2585 853 2674 1,ος
890 2565 955 2631 alia
979 2568 1079 2632 habet
1102 2568 1170 2633 ootl.
1188 2569 1253 2634 358
1274 2587 1305 2648 p.
1327 2569 1366 2633 21
1386 2567 1454 2652 sq.)

386 2711 460 2775 sab.
485 2709 550 2774 93:
586 2709 627 2776 cf.
654 2709 745 2776 Serv.
776 2712 833 2774 Ae.
859 2710 888 2774 V
912 2708 977 2774 373
1000 2710 1068 2776 sch.
1094 2709 1211 2776 Veron.
1237 2711 1294 2774 be.
1320 2710 1348 2776 V
1373 2712 1453 2776 473.

280 2817 398 2884 Fusius
421 2838 489 2883 rem
513 2825 626 2882 narrat
649 2817 749 2884 schol.
775 2817 860 2882 Stat.
885 2817 988 2882 Theb.
1012 2817 1062 2881 III
1085 2817 1159 2884 353.

386 2963 461 3026 fab.
478 2961 539 3026 el:
557 2959 598 3029 cf.
615 2960 840 3026 additamenta
856 2961 897 3025 ad
914 2960 1005 3025 Serv.
1022 2962 1080 3025 Ae.
1098 2959 1208 3027 1570:
1229 2960 1335 3025 sere:
1356 2962 1456 3045 Erpae

278 3073 405 3139 Veneris
421 3077 450 3137 et
466 3072 571 3136 Botoe
591 3066 716 3150 laedit:
740 3072 786 3135 cel
809 3075 844 3135 ol
867 3069 997 3150 quidam
1020 3069 1130 3134 volent
1153 3067 1337 3152 Neptuni)
1355 3068 1456 3151 filios

277 3180 350 3263 foll,
376 3176 504 3259 (addita
539 3182 726 3261 praepotens
760 3176 880 3243 viribus
914 3177 1054 3242 advenas
1089 3176 1240 3243 coestibus
1258 3175 1456 3258 provocabat

278 3290 433 3369 victosque
450 3286 645 3371 perimebat).
693 3280 742 3348 bf.
760 3282 793 3348 S.
810 3283 867 3346 Ae.
887 3281 915 3345 V
939 3283 990 3346 24.
1015 3280 1080 3346 Ds.
1098 3284 1156 3346 Ae.
1174 3281 1206 3346 X
1229 3282 1304 3347 551.
1344 3280 1453 3363 Long.

278 3393 311 3458 in
335 3393 434 3458 schol.
460 3393 576 3457 Veron.
600 3391 659 3456 Ae.
683 3390 716 3454 X
738 3393 801 3457 551
827 3408 858 3470 p.
872 3390 947 3453 446.

387 3536 460 3600 lab.
486 3535 548 3600 95:
573 3536 669 3616 plane
694 3535 806 3599 eadem
823 3539 899 3598 sunt
922 3532 955 3597 in
976 3530 1142 3598 Servianis
1167 3529 1258 3596 libris
1282 3528 1336 3613 (ci.
1354 3530 1454 3598 Thilo
1541 3601 1542 3611 ¹

278 3645 311 3710 ln
336 3649 497 3726 apparatu
519 3641 621 3707 critic.
647 3644 688 3706 ad
713 3641 803 3706 Serv.
829 3641 906 3705 Buc.
932 3639 1011 3704 VIII
1034 3639 1100 3721 55).

386 3770 486 3834 Plura
509 3769 608 3833 habeb
631 3766 696 3833 DS.
721 3767 799 3831 Bao.
825 3765 902 3830 VIII
925 3767 978 3830 55.

386 3893 435 3960 bf.
460 3893 604 3976 Philarg.
629 3893 707 3959 Buc.
732 3891 814 3956 VIII
838 3891 881 3956 56
905 3895 959 3966 l=
985 3889 1083 3956 schol.
1108 3890 1205 3955 Bern.
1231 3909 1263 3971 p.
1281 3888 1370 3974 821).

279 4004 374 4068 Prob.
400 4003 477 4067 Buc.
503 4000 578 4065 VIII
603 4001 654 4065 56.

387 4145 460 4209 seb.
486 4143 658 4229 him-³2:
694 4144 776 4210 haec
806 4141 995 4208 siuetlubio
1020 4140 1163 4206 eschol.
1188 4140 1322 4205 adEcl.
1348 4139 1384 4205 ΙΙ
1409 4142 1452 4206 24
1539 4223 1540 4228 ¹

280 4260 366 4331 sunt,
391 4251 432 4319 cf.
456 4272 487 4318 v.
507 4253 564 4317 30:
595 4252 696 4316 verba
720 4253 879 4324 Dirce-eos
901 4274 973 4318 oero
997 4251 1209 4333 Amphione.
1235 4268 1266 4329 q.
1291 4267 1316 4313 s.
1352 4247 1453 4314 inter·

279 4367 450 4448 proteritur
474 4359 597 4445 Vergil.
622 4359 693 4428 Eel.
718 4357 754 4426 II
778 4360 819 4426 24
843 4360 1007 4448 Amplo'on
1031 4359 1199 4430 Direaeos.
