3102 5254
769 422 990 493 „14-

294 627 376 694 trem
389 627 595 693 ueternosam
612 641 707 692 annm
724 643 788 691 non
805 641 854 690 so·

295 735 361 801 lum
377 733 535 817 puerilem
551 732 737 799 amatricem
756 751 854 814 quan·

295 841 484 908 tumetium
515 839 683 923 fingerent
715 845 750 906 et
772 839 854 905 zelo·

295 949 409 1030 tipam.
434 949 575 1014 Tantum
599 946 683 1013 enirn
700 946 763 1012 zeli
786 965 855 1012 suc·

296 1075 396 1122 censa
420 1072 501 1121 anus
517 1053 680 1121 invidiosa
694 1051 856 1137 fraglavit

297 1179 380 1243 quae
396 1181 457 1227 nec
473 1161 541 1228 suis
558 1159 757 1228 utilitatibus
776 1159 855 1226 iuri-

296 1287 354 1335 osa
377 1269 533 1351 pepercit,
558 1273 596 1334 ut
612 1271 698 1336 unde
714 1266 854 1333 fructum

296 1379 452 1457 sperabat
461 1375 604 1441 libidinis
612 1374 685 1442 illut
695 1380 856 1442 veterana

296 1483 479 1548 succideret
495 1481 655 1548 meretrix.
687 1481 731 1548 Et
748 1499 855 1562 quam·

296 1590 347 1657 vis
393 1592 478 1671 apud
517 1589 690 1655 muliebres
731 1589 855 1654 animos

297 1696 396 1761 libido
420 1696 569 1778 optineat
583 1714 728 1778 regnum,
745 1700 856 1761 temen

297 1803 394 1868 etiam
420 1803 452 1869 in
475 1802 600 1870 invicta
614 1801 746 1868 libidine
765 1801 856 1868 zelus

297 1912 425 1992 optinet
438 1911 645 1976 dominatum.
670 1907 857 1976 Bereciutia

297 2018 379 2082 enim
406 2022 509 2083 mater
525 2019 654 2083 deorum
671 2017 766 2082 Attin
781 2034 857 2097 pue·

297 2143 366 2188 rum
413 2122 676 2190 formosissimum
731 2140 857 2188 amasse

298 2232 430 2309 dicitur,
467 2249 558 2311 quem
596 2231 665 2297 zelo
700 2247 858 2296 succensa

298 2341 472 2403 castrando
495 2337 750 2404 semimasculum
767 2334 857 2401 fecit.

300 2445 384 2529 Quid
409 2465 486 2529 ergo
511 2445 572 2510 sibi
604 2445 638 2509 in
665 2445 717 2509 his
741 2441 859 2509 Grebia

299 2553 414 2618 sentiri
423 2550 564 2619 voluerit
573 2551 744 2617 edicamus.
763 2551 858 2616 Bere-

300 2660 430 2725 ciutiam
465 2659 527 2724 dici
561 2659 733 2726 voluerunt
766 2657 858 2738 quasi

302 2767 454 2832 montium
486 2766 660 2843 dominatu
689 2765 762 2830 ideo
797 2783 859 2828 nra·

299 2881 380 2938 trem
406 2876 547 2951 deorum,
572 2875 655 2954 quod
679 2875 757 2937 deos
781 2889 859 2936 nun-

301 2981 412 3063 cupari
429 3000 487 3063 pro
503 2979 657 3062 superbia
668 2981 858 3060 voluerunt;

301 3088 372 3152 ideo
397 3107 451 3153 eos
475 3089 508 3154 in
524 3086 650 3168 Olimpo
673 3085 861 3152 habitantes

302 3196 396 3276 quasi
433 3196 581 3261 excelsos
616 3213 655 3260 ac
689 3194 859 3275 superbos;

301 3301 373 3367 ideo
412 3307 446 3367 et
484 3300 633 3367 demonia
672 3305 862 3382 nuncupant

303 3412 477 3474 secundum
489 3409 664 3474 Homerum
678 3409 751 3472 dum
765 3407 860 3472 dicit:

302 3510 385 3598 μετὰ
410 3517 568 3596 δαίμονας
587 3512 712 3595 ἄλλους,
736 3515 769 3580 id
786 3520 860 3579 est:

302 3642 372 3688 eum
406 3625 483 3688 deos
516 3622 610 3701 alios;
644 3625 754 3688 demos
778 3621 861 3685 enim

303 3731 408 3797 Grece
432 3730 570 3812 populus
586 3728 714 3807 dicitur,
739 3728 767 3794 is
787 3726 862 3792 dici·

303 3846 466 3915 turonus,
491 3843 524 3903 et
541 3836 615 3917 quia
635 3835 773 3918 populos
789 3835 863 3900 sub·

304 3947 379 4010 dere
410 3944 585 4026 cupiebant
616 3950 650 4008 et
682 3941 741 4007 soli
765 3960 864 4022 super

303 4054 439 4135 populos
484 4070 556 4118 esse
595 4052 747 4115 demones
786 4046 864 4112 dicti

304 4167 390 4226 suut.
438 4159 513 4224 Ideo
537 4163 571 4224 et·
594 4160 679 4239 apud
700 4157 863 4222 Romanos

304 4267 467 4350 indigetes
491 4265 583 4347 quasi
607 4264 687 4330 nihil
716 4263 864 4345 indigen·

304 4381 365 4439 tes.
398 4375 489 4458 Ergo
513 4371 753 4440 Berecintbiam
778 4389 864 4435 mon-

1251 1899 1477 1995 Berecynthia
1523 1948 1524 1968 r

913 2022 1018 2083 mater
1070 2019 1199 2084 deorum
1247 2017 1340 2083 Attin
1396 2037 1476 2100 pue-

912 2143 981 2188 rum
1028 2122 1293 2189 iomrosissimum
1343 2144 1477 2190 amasse
1524 2108 1525 2142 ¹

913 2231 1045 2308 dicitur,
1082 2249 1173 2311 quem
1211 2231 1280 2295 zelo
1316 2251 1478 2297 succensa
1525 2268 1526 2274 κ

914 2340 1086 2404 castrando
1103 2337 1361 2403 semimasculum
1383 2337 1476 2404 iecit.

1378 2553 1478 2617 Bere·
1527 2586 1528 2606 r

914 2659 1077 2742 cynthiam
1099 2658 1161 2724 dici
1183 2658 1357 2725 voluerunt
1382 2661 1479 2740 quasi

914 2767 1067 2833 montium
1093 2766 1261 2831 dominam.
1309 2765 1385 2830 Ideo
1411 2785 1479 2831 rna-

914 2882 995 2939 trem
1028 2875 1168 2953 deorum,
1204 2875 1288 2953 quod
1313 2875 1393 2938 deos
1417 2894 1479 2955 pro

915 2981 1067 3063 superbia
1091 2979 1268 3063 nuncupari
1289 2980 1478 3060 voluerunt,
