3102 5254
523 411 743 487 „17-

48 611 175 683 minime
200 630 277 684 vero
301 611 546 699 explanationes
569 635 599 699 p.
618 617 659 685 64
683 633 714 685 v.
734 616 774 682 16
791 633 838 697 sq.
863 614 1016 708 (idoneos
1032 613 1068 686 lm
1085 613 1216 702 Olympo

47 727 272 794 lectitantes..
290 726 323 810 .)‚
345 744 374 792 v.
393 727 434 790 21
452 744 521 806 sqq.
539 726 620 807 (ideo
636 733 665 794 el
681 728 768 812 apud
784 727 951 794 Romanos
965 727 1138 812 indipetes.
1158 775 1164 788 .
1183 725 1216 805 .),

48 852 79 913 p.
89 833 142 910 65,
156 832 307 918 14-66η
328 834 428 918 (Eupo
444 835 558 902 ddecet
574 836 690 901 arcebo
703 835 869 920 pinpittar.
884 886 891 900 .
906 830 939 917 .).
972 831 1058 896 Idem
1076 831 1218 896 animad-

47 938 189 1006 vertitur
211 938 279 1005 fab.
305 939 370 1004 200
394 944 427 1004 et
451 939 545 1021 Fulg.
570 939 667 1004 1118
692 941 735 1020 (p.
748 939 811 1020 ,72)
839 938 982 1004 intense
1007 937 1217 1020 comparatis:

279 1081 373 1164 Fulg.
830 1087 832 1094 '
888 1081 931 1147 M:
954 1081 1010 1148 V.'

49 1190 150 1256 Mirre
183 1195 310 1270 patrem
348 1207 441 1255 suum
479 1203 607 1254 amasse
660 1189 795 1271 Myrrha
818 1194 942 1282 patrem
968 1191 1060 1255 strum
1091 1203 1218 1254 amasse

49 1297 177 1378 dicitur,
201 1314 273 1362 cum
290 1314 353 1376 quo
369 1294 517 1360 debriato
534 1313 607 1360 con·
662 1296 788 1378 dicitur,
809 1315 879 1362 cum
896 1314 958 1377 quo
974 1295 1134 1362 inebriato
1151 1315 1217 1360 rem

49 1404 173 1486 cubuit;
222 1421 357 1483 eumque
403 1421 474 1467 eam
512 1406 608 1482 pater
662 1402 783 1469 habuit.
839 1403 981 1484 Cumque
1016 1419 1086 1468 eam
1122 1409 1219 1484 pater

49 1517 141 1576 utero
152 1510 281 1592 plenam
294 1508 459 1586 rescisset,
474 1508 607 1574 crimine
662 1516 755 1576 utero
766 1511 893 1592 plenam
907 1510 1072 1587 rescisset,
1086 1508 1218 1575 crimine

49 1617 178 1700 cognito
203 1615 381 1699 evaginato
405 1634 474 1680 eam
501 1614 608 1696 coepit
663 1618 793 1700 cognito
818 1636 888 1683 eam
910 1616 1085 1701 evaginato
1109 1615 1219 1700 gladio

49 1723 200 1806 persequi
230 1723 348 1806 gladio.
400 1722 465 1788 Illa
494 1721 527 1788 in
558 1741 607 1788 ar·
663 1724 769 1806 coepit
802 1724 964 1806 persequi.
1012 1724 1072 1789 illa
1104 1723 1136 1790 in
1169 1742 1220 1789 ur-

48 1833 156 1896 borem
189 1849 328 1913 myrram
360 1848 518 1896 conversa
541 1834 606 1907 est;
642 1833 769 1898 'berem
817 1833 979 1915 myrrham
1017 1851 1114 1900 versa
1155 1838 1219 1912 est;

48 1958 145 2019 quam
180 1939 328 2002 arborem
369 1943 464 2018 pater
498 1935 607 2019 gladio
643 1955 756 2020 ‘quam
793 1940 940 2005 arborem
979 1943 1076 2020 pater
1109 1937 1219 2022 gladio

48 2044 246 2126 percutiens,
267 2045 360 2109 Adon
377 2044 494 2109 exinde
510 2047 607 2108 natus
662 2046 858 2128 percutiens,
880 2047 974 2111 Adon
990 2046 1107 2110 exinde
1123 2050 1221 2111 natus

48 2159 109 2218 est.
144 2143 242 2234 ¹Quid
267 2169 345 2218 vero
370 2150 431 2216 sibi
456 2152 537 2216 hacc
560 2147 608 2214 la·
663 2160 727 2231 est3
763 2172 856 2233 quem
891 2155 1036 2219 Adonem
1061 2154 1220 2220 Venerem

49 2258 126 2323 bula
149 2257 273 2324 sentiat
296 2257 468 2324 edicamus.
508 2257 607 2322 Mirra
663 2280 789 2326 amasse
813 2260 933 2326 dicunt.

48 2384 155 2447 genus
171 2371 223 2431 est
235 2365 369 2444 arboris
383 2367 422 2430 de
435 2383 500 2444 qua
511 2381 608 2429 sucus

48 2472 119 2553 ipse
165 2474 338 2549 exsudat3.
362 2473 444 2537 haec
482 2476 608 2552 patrem

49 2560 178 2644 amasse
213 2579 343 2645 dicitur.
401 2578 489 2644 Istae
524 2577 608 2642 enim

49 2688 182 2752 arbores
216 2686 250 2751 in
273 2686 369 2752 India
403 2689 490 2762 sunt,
526 2702 608 2765 quae

49 2793 130 2858 solis
162 2793 324 2859 caloribus
357 2796 608 2880 crementantur,

49 2905 84 2964 et
108 2900 184 2980 quia
203 2906 329 2982 patrem
347 2899 486 2967 omnium
502 2917 607 2964 rerum

50 3008 149 3072 solem
167 3026 241 3073 esse
257 3007 418 3086 dicebant,
436 3005 527 3071 cuius
543 3005 609 3087 opi-

49 3114 157 3179 tulutu
187 3121 306 3180 cuncta
333 3113 510 3196 germinum
535 3115 614 3178 ado·'

49 3221 145 3286 lesoit
174 3222 358 3301 mataritae,
390 3222 464 3287 ideo
489 3227 523 3286 et
555 3239 610 3302 pa-

49 3335 131 3393 trem
157 3347 287 3394 amasse
311 3328 443 3408 dicitur;
472 3329 610 3407 dumque

49 3436 112 3500 iam
138 3434 322 3519 grandioris
351 3433 459 3500 luerit·
474 3434 609 3512 roboris,

49 3542 128 3609 solis
138 3542 309 3609 ardoribus
320 3561 458 3624 crepans
468 3543 610 3623 ragades
719 3562 722 3569 ·

50 3649 166 3731 efficit,
198 3669 257 3731 per
280 3663 361 3731 quas
384 3667 495 3715 sucum
519 3649 610 3713 desu-

50 3761 108 3822 dat
130 3795 174 3804 -
199 3760 282 3838 quod
305 3758 404 3822 mirra
427 3755 545 3821 dicitur
569 3793 609 3800 —

51 3872 85 3929 et
107 3864 330 3930 redolentibus
350 3863 523 3929 lacrimosa
538 3869 610 3945 gut·

49 3972 127 4036 tulis
162 3970 264 4036 fletus
303 3989 421 4038 suaves
461 3968 611 4036 scissuris

50 4078 219 4144 hiantibus
243 4077 417 4144 iaculatur.
459 4077 553 4143 Unde
578 4083 611 4141 et

50 4185 194 4251 Adonem
212 4185 366 4266 genuisse
381 4183 502 4267 fertur3
527 4186 609 4250 adon

52 4293 135 4358 enim
160 4293 268 4359 Grece
300 4293 449 4359 suavitas
477 4292 611 4371 diuitum
666 4291 978 4376 Ideohoefingitur,
996 4297 1079 4374 quod
1092 4294 1225 4376 myrrha

52 4407 84 4466 et
120 4400 198 4484 quia
233 4401 314 4464 baec
355 4399 480 4484 species
515 4401 612 4466 odore
666 4399 820 4466 videlicet
843 4401 922 4466 abor
945 4407 1080 4484 generet
1095 4394 1224 4488 ἡδονήν,
