3102 5254
755 405 974 472 ..53-

386 602 474 666 Fau.
500 601 658 688 120‚⁸-.,
682 603 737 683 (=
762 602 848 684 Hyg.
875 601 1082 667 estanar
1120 620 1150 682 p.
1168 602 1224 682 62)
1259 619 1279 665 a
1315 599 1466 683 Vergilii

279 709 511 791 interpretibus
535 714 711 775 tractatam
737 727 810 774 esse
833 710 950 775 docent
972 707 1007 790 hi
1030 707 1107 773 loci:

386 818 478 884 Serv.
503 816 560 881 Ge.
586 817 601 880 Ι
624 817 704 882 219:
734 819 917 885 Atlantides
939 820 1009 884 licet
1032 823 1145 902 septem
1167 816 1267 900 urbac
1290 817 1464 898 dicantur,

278 948 332 992 sea
367 931 473 993 tamen
507 927 659 992 videretur
694 928 730 993 iu
753 927 836 992 caelo
861 977 868 991 .
894 977 900 991 .
926 976 932 991 .
958 926 1018 992 bac
1041 930 1156 1007 aratam,
1190 924 1307 992 adolii
1331 925 1464 1000 valuerat,

280 1033 378 1114 Ioais,
414 1040 449 1099 ad
472 1034 530 1100 alii
553 1034 686 1100 Liberi
720 1035 892 1100 uictrices
926 1032 1062 1116 sumunt
1085 1029 1141 1115 (cl.
1166 1030 1253 1112 Hyg.
1278 1049 1309 1111 p.
1327 1028 1462 1113 62,1„);

281 1137 322 1204 ci.
347 1139 438 1205 Serv.
463 1141 521 1203 Ae.
546 1139 564 1202 Ι
589 1139 661 1207 744.

385 1246 502 1313 Brevis
525 1247 646 1327 Expos.
668 1247 726 1313 Ge.
751 1247 766 1310 1
794 1248 855 1313 138
879 1246 1037 1331 Hyadas]
1059 1251 1136 1313 sarit
1158 1249 1261 1313 stellae
1285 1249 1322 1313 ia
1345 1245 1464 1329 fronte

279 1356 384 1421 Tauri
406 1356 485 1431 VII,
519 1363 555 1421 at
589 1355 742 1422 Chaldaei
775 1357 918 1436 traducit,
954 1355 1095 1420 rudrices
1118 1354 1226 1420 Liberi
1264 1353 1384 1431 Patris,
1424 1360 1464 1419 ert

280 1463 432 1530 Musaeus
455 1464 588 1546 scripsit,
613 1465 652 1528 ab
676 1464 756 1546 Hya
778 1463 890 1545 fratre,
920 1485 1009 1546 paam
1034 1464 1070 1528 ia
1093 1463 1261 1528 oeualioac
1284 1461 1460 1545 interemp-

280 1575 347 1635 tam
371 1570 534 1651 denarrat,
559 1570 644 1636 riade
667 1570 801 1654 Hyades
824 1571 926 1636 dictae
949 1572 1004 1643 l=
1028 1567 1127 1632 schol.
1154 1567 1250 1632 Bern.
1269 1565 1326 1631 Ge.
1345 1567 1360 1630 l
1379 1567 1460 1643 138,

280 1675 335 1740 ubi
360 1674 505 1741 additur:
530 1676 676 1743 Iunilius
699 1678 787 1750 dicit)
812 1673 869 1760 (cf.
894 1674 980 1757 Hyg.
1006 1694 1035 1755 p.
1053 1671 1330 1755 62,21-63,0).1)

386 1782 454 1848 Iarn
477 1801 555 1848 vero
579 1799 635 1847 eos
650 1780 788 1864 Vergilii
806 1782 1004 1864 interpretes
1020 1781 1170 1847 adhibuit
1185 1783 1462 1872 mytbograpbuS,

281 1909 298 1954 e
324 1888 440 1970 quibus
464 1889 615 1954 scholia
638 1889 854 1956 Beruensia
878 1888 1105 1958 consarcinata
1128 1894 1219 1954 sunt:

386 1996 424 2061 E.
450 2017 481 2079 g.
508 1996 582 2061 sab.
607 1994 652 2060 76
684 1996 824 2062 conferri
846 2002 957 2079 potest
981 2015 1050 2062 cum
1075 1996 1176 2062 schol.
1203 1996 1299 2061 Bern.
1325 1998 1369 2062 ad
1394 1996 1456 2062 Ga.

280 2103 328 2194 IV
353 2103 418 2168 493
442 2103 487 2189 (p.
512 2104 579 2168 980
602 2103 713 2190 flag),
749 2105 804 2170 ubi
829 2104 1075 2171 Gaudentius
1110 2108 1224 2168 auctor
1252 2103 1457 2169 nominatur:

452 2229 555 2310 Mytb.
580 2229 671 2295 Vat:
1054 2227 1153 2293 schol.
1178 2227 1292 2293 Deru:

282 2334 441 2416 Orpheus,
467 2335 587 2418 Oeagri
611 2341 645 2401 et
673 2335 839 2418 Calliopae

280 2443 395 2507 Musae
407 2440 507 2520 lilius,
520 2447 558 2506 ut
569 2442 699 2522 quidam
712 2448 838 2524 putant,

281 2549 442 2630 Apollinis
458 2548 560 2614 liliam
576 2549 691 2615 habuit
709 2569 837 2616 uxorem

282 2655 477 2738 Eurydicen.
499 2656 601 2739 Quam
614 2658 686 2722 dum
697 2657 840 2723 Aristae-
1282 2657 1456 2724 Aristaeus

281 2782 329 2843 ue,
355 2763 498 2846 Cyrenes
514 2762 615 2844 filius,
640 2769 762 2845 pastor,
788 2783 840 2830 cu·
896 2763 1032 2845 cupidus
1066 2769 1189 2844 pastor,
1220 2761 1310 2830 filius
1333 2763 1456 2846 Apolli·

280 2869 375 2951 pidus
391 2870 607 2952 persequitur,
632 2871 745 2937 volens
769 2891 838 2936 eam
896 2870 946 2935 nis
963 2877 996 2936 et
1013 2871 1168 2953 Cyrenes,
1192 2877 1385 2952 persecutus
1402 2878 1455 2937 est

282 2982 442 3059 stuprare,
467 2977 524 3044 illa
542 2976 674 3060 lugiens
691 2977 840 3044 concubi·
895 2977 1081 3060 Eurydicen
1105 2975 1138 3042 in
1162 2983 1256 3059 prato
1286 2977 1387 3044 flores
1410 2978 1454 3042 le·

282 3089 360 3163 tum,
379 3090 565 3166 serpentem
582 3103 646 3150 non
662 3085 838 3161 devitavit;
895 3090 1025 3167 gentem
1050 3085 1335 3164 intermixtamquo
1358 3086 1453 3167 Nym-

283 3192 421 3256 ethaeo
444 3191 475 3257 ei
499 3210 598 3257 causa
622 3192 735 3272 mortis
765 3190 838 3258 tuit.
895 3191 967 3272 piris
984 3191 1098 3259 volens
1114 3211 1184 3258 earn
1201 3197 1364 3274 stuprare;
1384 3191 1453 3257 illa-

282 3299 442 3379 OrpheuS,
495 3304 628 3364 coactus
679 3298 839 3364 desiderio
896 3318 957 3380 que
987 3297 1118 3380 fugiens
1152 3299 1353 3364 concubitum
1387 3318 1452 3365 sar·

283 3403 444 3488 coniugis,
489 3405 633 3472 tentavit
672 3405 840 3471 dulcedine
894 3412 1022 3487 pentem
1059 3425 1121 3472 non
1153 3406 1323 3482 devitavit,
1359 3411 1393 3470 et
1421 3407 1450 3473 ei
1547 3449 1548 3460 κ

283 3519 399 3579 cantus
432 3512 579 3579 citharae
607 3513 708 3578 lenire
731 3513 838 3579 Ditem
896 3531 996 3579 causa
1035 3513 1148 3579 mortis
1190 3512 1263 3579 luit.
1328 3513 1450 3578 Deinde
1547 3537 1548 3612 3

282 3627 316 3684 et
327 3620 563 3702 Proserpinam,
577 3620 605 3686 si
617 3621 841 3704 possetEury·
896 3620 1059 3700 Orpheus
1118 3626 1250 3686 coactus
1296 3619 1449 3685 desiderio

283 3727 378 3793 dicen
417 3730 459 3794 ad
497 3746 630 3810 superos
675 3747 839 3794 revocare.
897 3726 1042 3809 coniugis
1081 3727 1248 3794 descendit
1286 3727 1318 3792 in
1357 3725 1449 3792 inter·

282 3834 493 3900 Descendens
516 3835 618 3918 igitur
640 3838 682 3901 ad
703 3835 839 3917 inferos,
897 3853 981 3912 num,
1006 3835 1108 3900 lenire
1131 3834 1238 3900 Ditem
1267 3840 1301 3899 et
1324 3834 1448 3899 Proser·

282 3941 316 4006 in
340 3940 577 4009 miserationem
595 3961 650 4008 eos
667 3948 766 4009 cantu
781 3961 841 4008 sua
896 3942 1021 4024 pinam,
1057 3948 1095 4007 ut
1129 3947 1241 4023 posset
1269 3939 1446 4023 Eurydicen

284 4048 450 4130 compulit;
468 4056 669 4132 acceptaque
685 4050 768 4133 lege,
785 4049 841 4115 im·
897 4051 938 4114 ad
962 4067 1097 4130 superos
1129 4051 1294 4124 reducere,
1331 4053 1364 4113 at
1392 4048 1461 4114 boc'

392 4227 418 4294 1)
437 4224 505 4280 Alia
534 4241 651 4296 quoque
680 4243 716 4282 ex
744 4224 859 4298 Hygini
883 4225 1001 4280 Astron.
1029 4225 1059 4280 in
1089 4224 1200 4280 scholia
1219 4221 1344 4296 Vergilii
1362 4221 1445 4280 fluxe

283 4318 365 4371 runt:
392 4332 416 4372 e.
436 4334 464 4388 g.
483 4316 558 4371 Dan.
578 4316 660 4372 Serv.
680 4315 733 4374 Ge,
753 4318 768 4370 Ι
786 4319 863 4373 ‘dite
882 4315 962 4388 Hyg.
981 4315 1018 4385 H,
1038 4320 1068 4382 2;
1097 4313 1134 4374 cf.
1153 4313 1276 4383 Robert
1304 4313 1444 4373 Eratosth.

283 4406 393 4462 Gatast.
414 4405 474 4473 rel,
494 4404 665 4462 testimonia
683 4423 711 4478 p.
721 4409 756 4462 b'i
775 4422 839 4475 sqq.
