3102 5254
770 353 988 420 ..8..

447 535 487 600 M.
514 535 552 601 V.
577 533 644 600 fab.
672 537 704 600 1:
800 543 833 565 ·’

295 642 507 707 Prometheus
536 647 611 722 post
641 639 749 707 factos
773 661 793 706 a
816 661 851 706 so

294 747 440 836 homines
464 747 584 814 dicitur
600 747 719 814 auxilio
735 747 852 813 Miner·

295 875 356 928 vae
369 856 491 921 caelum
506 855 709 933 ascendissa;
727 855 782 935 qui
798 857 852 920 ad·

294 961 398 1027 hibita
427 961 538 1028 facula
570 963 612 1027 ad
640 968 742 1027 rotam
768 959 852 1028 Solis

294 1063 403 1150 ignem
419 1067 551 1134 iuratus
568 1074 628 1144 est,
646 1087 738 1148 quem
754 1068 853 1135 homi·

294 1176 390 1240 nibus
414 1174 581 1241 indicavit.
607 1174 656 1240 Oh
673 1194 767 1256 quam
784 1194 850 1239 rem

295 1281 371 1347 irati
395 1281 440 1347 dii
464 1284 525 1347 duo
550 1283 636 1348 mala
651 1281 853 1347 immiserunt

294 1387 400 1466 terrie,
436 1387 556 1473 febres,
590 1388 698 1454 idest
723 1387 851 1468 mariae,

295 1500 330 1560 et
352 1498 491 1568 morbos.

595 2031 701 2112 Ipsum
727 2049 853 2110 quoque

294 2138 522 2202 Prometheum
563 2157 621 2219 per
659 2136 852 2203 Mercurium

294 2242 326 2308 in
360 2243 504 2309 Caucaso
535 2250 643 2310 mente
670 2243 854 2326 religarunt

296 2353 338 2415 ad
384 2368 511 2430 saxum,
559 2350 706 2416 adhibita
753 2351 851 2416 etiam

295 2455 415 2537 aquila,
433 2475 516 2537 quae
532 2477 588 2522 cor
604 2457 674 2523 eius
690 2459 851 2524 exederet.

295 2564 388 2628 Haec
412 2569 520 2630 autem
552 2563 658 2630 omnia
688 2584 752 2630 non
783 2565 853 2630 sine

294 2670 421 2735 ratione
433 2669 614 2754 finguntur.
632 2672 713 2738 Nam
724 2674 853 2737 Prome·

294 2779 391 2843 theus
407 2778 459 2843 vir
481 2777 754 2860 prudentissimus
775 2777 861 2856 fuit;-

296 2885 380 2950 unde
405 2891 439 2950 et
521 2947 524 2953 Δ

730 3117 853 3181 prmius

295 3185 503 3288 astrologiam
522 3205 667 3288 Assyriis
684 3205 853 3288 indicavit,

296 3331 390 3394 quam
437 3312 585 3378 residens
632 3313 664 3377 in
708 3313 853 3381 Caucaso

295 3425 404 3509 monte
428 3418 527 3488 nimia
551 3439 629 3485 cura
649 3421 854 3502 comprehen-

296 3528 398 3592 derat.

409 4211 413 4224 -
457 4166 586 4233 Dicitur
613 4173 719 4234 autem
744 4167 855 4250 aquila

297 4292 324 4338 e.
350 4292 380 4352 q.
405 4293 431 4339 s.

908 534 1193 600 Serv.Buo.V142
1207 553 1237 613 p.
1251 534 1302 610 72,
1311 533 1436 619 5-73‚
1447 546 1483 615 9:

908 641 1121 707 Prometheus
1152 646 1227 722 post
1248 639 1356 705 factos
1388 658 1413 703 a
1440 657 1482 702 se

907 748 1052 814 homines
1076 747 1193 813 dicitur
1211 746 1331 812 auxilio
1348 744 1481 810 Miner-

908 874 970 922 vae
994 855 1118 920 caelum
1142 853 1330 921 ascendisse
1354 858 1390 917 et
1417 853 1481 917 ad-

907 961 1023 1028 hibita.
1040 961 1151 1028 iacula
1167 963 1223 1027 ad
1251 965 1363 1032 rotam·
1385 958 1479 1025 Solis

907 1070 1016 1152 ignem
1040 1068 1180 1146 furatae,
1212 1077 1305 1148 quem
1334 1063 1479 1131 homini·

908 1177 968 1242 hus
984 1175 1149 1243 indicavit.
1171 1175 1210 1240 ob
1224 1193 1317 1255 quam
1335 1191 1475 1238 causam

907 1283 985 1348 irati
1009 1281 1052 1347 dii
1076 1287 1138 1349 duo
1164 1279 1477 1360 mala'inmiserunt

908 1389 1015 1470 terris,
1040 1390 1189 1455 mulieres
1215 1393 1249 1454 et
1273 1388 1412 1467 morbos,
1431 1385 1476 1451 si·

814 1557 816 1562 .
908 1502 963 1563 cut
999 1504 1033 1562 et
1068 1497 1207 1578 Sappho
1234 1500 1267 1559 et
1304 1491 1494 1558 Hesiodus-

909 1610 1096 1670 memorant.
1126 1605 1219 1684 quod‘
1233 1601 1344 1684 tangit
1368 1599 1473 1664 etiam

909 1710 1064 1789 Horatius
1103 1710 1215 1775 dicens
1252 1715 1324 1794 post
1362 1711 1473 1794 ionem

908 1822 1046 1886 colliario
1072 1820 1162 1885 domo
1185 1817 1375 1884 subductum
1400 1837 1470 1882 mo·

908 1929 968 1994 ries
1005 1933 1035 1992 ol
1072 1947 1157 1993 norro
1197 1925 1335 2008 febrium
1375 1923 1472 1988 terris

908 2033 1051 2102 iucohuit
1074 2031 1192 2098 cohors.
1215 2028 1334 2110 ipsum
1359 2033 1470 2092 autem

907 2140 1133 2205 Prometheum
1176 2155 1234 2218 per
1274 2134 1468 2201 Mercurium

907 2247 941 2312 in
958 2251 1065 2328 monte
1079 2245 1225 2310 Caucaso
1241 2241 1469 2325 religaverunt

908 2355 948 2419 ad
988 2370 1112 2438 saxum,
1159 2355 1193 2416 et
1231 2348 1379 2414 adhibita
1418 2354 1469 2413 est

909 2458 1028 2540 aquila,
1042 2477 1126 2539 quae
1143 2457 1212 2524 eius
1229 2476 1285 2523 cor
1301 2457 1465 2522 exederet.

907 2569 989 2632 haec
1022 2571 1129 2632 autem
1164 2563 1271 2630 omnia
1303 2583 1368 2629 non
1396 2561 1465 2628 sine

907 2659 1035 2740 ratione
1046 2671 1237 2755 linguntur:
1251 2689 1324 2737 nam
1338 2671 1465 2735 Prome·

907 2782 1003 2846 theus
1026 2779 1077 2846 vir
1100 2777 1369 2861 prudentissimus
1391 2775 1464 2852 fuit,

907 2888 992 2952 unde
1017 2887 1114 2952 etiam
1132 2887 1344 2951 Prometheus
1360 2883 1464 2948 dictus

908 2999 959 3059 est
990 2987 1059 3056 α’πό
1092 2995 1147 3077 τῆς
1177 2993 1397 3076 προμηθείας,
1432 2990 1463 3054 id

908 3105 959 3165 est
983 3121 1002 3166 a
1025 3098 1242 3181 providentia.¹
1277 3098 1330 3164 hic
1345 3098 1463 3182 primus

908 3207 1116 3289 astrologiam
1135 3205 1280 3289 Assyriis
1296 3206 1461 3284 indicavit,

908 3333 1002 3395 quam
1038 3313 1185 3379 residens
1220 3313 1254 3378 in
1285 3318 1392 3379 monte
1421 3314 1463 3378 al·

907 3421 1033 3487 tissime
1067 3420 1224 3502 Caucaso,
1261 3419 1359 3490 nimia
1388 3439 1461 3486 cura

908 3535 943 3594 at
959 3526 1176 3594 sollicitudine
1198 3528 1459 3609 deprehenderat.

908 3635 960 3701 hic
992 3639 1098 3700 autern
1134 3651 1226 3699 mons
1260 3633 1384 3715 positus
1413 3640 1461 3700 est

908 3741 995 3808 circa
1018 3739 1180 3822 Assyrios,
1214 3740 1339 3808 vicinus
1362 3760 1459 3822 paene

908 3847 1077 3925 sideribus
1108 3850 1193 3913 unde
1225 3847 1322 3914 etiam
1346 3846 1459 3913 maiora

909 3961 1002 4022 astra
1025 3957 1228 4021 demonstrat
1244 3961 1278 4020 et
1294 3953 1460 4038 diligenter

909 4081 1018 4128 eorum
1043 4067 1133 4128 ortus
1157 4080 1354 4143 occasusque
1368 4062 1457 4145 signi-

909 4168 999 4234 licat.
1047 4167 1176 4236 Dicitur
1214 4176 1324 4238 autem
1358 4169 1457 4252 aquila

910 4296 938 4345 e.
964 4295 993 4360 q.
1019 4294 1044 4341 s,
