3102 5254
777 375 997 442 -10..

303 573 337 633 et
360 569 478 634 seimus
503 569 578 650 quia
602 589 684 650 quiae
701 570 861 650 loquimur

302 674 388 740 falsa
421 694 494 741 esse
525 682 674 759 possunt,
711 696 750 741 ea
784 695 860 743 vero
988 753 990 756 ,

303 800 386 863 quae
408 782 554 849 videmus
577 783 647 849 sine
671 778 766 849 dubio
781 803 861 849 vera

303 895 388 954 sunt.
435 889 507 954 ideo
531 891 659 956 Aeneas
689 910 747 972 per
771 892 861 956 ebur-

974 891 1064 956 Umle
1089 898 1123 955 et
1148 891 1276 957 Aeneas
1300 910 1358 972 per
1385 893 1479 957 ebur·

302 1015 394 1062 neam
413 996 573 1062 emittitur
587 1003 723 1078 portam.
761 1003 812 1063 est
828 1004 861 1064 et
917 1015 1007 1062 neam
1034 996 1194 1064 emittitur
1217 1004 1355 1080 portam.

303 1103 387 1168 alter
418 1121 534 1169 sensus
560 1128 566 1169 :
592 1091 742 1171 Somnum
773 1105 860 1170 novi-

302 1229 373 1274 mus
397 1227 467 1275 oum
492 1203 592 1283 cornu
615 1209 714 1294 pingi.
750 1211 860 1292 etqui

303 1319 342 1382 de
366 1316 498 1383 somniis
522 1317 721 1400 seripserunt
747 1319 861 1385 dieunt

302 1443 342 1489 ea
372 1441 455 1505 quae
488 1426 662 1491 seeundum
695 1424 860 1491 fortunam

302 1538 337 1596 ot
392 1549 552 1612 personae
612 1531 859 1613 possibilitatem

302 1637 454 1704 videntur
477 1639 598 1704 habere
623 1636 786 1705 effectum.
828 1644 860 1703 et

302 1746 384 1811 haee
406 1743 514 1811 vicina
537 1751 614 1811 sunt
633 1764 732 1811 cornu
749 1767 756 1811 :
774 1748 860 1812 unde

303 1870 421 1917 cornea
459 1871 538 1916 vera
574 1850 714 1935 fingitur
754 1859 858 1935 porta.

303 1978 342 2023 ea
365 1977 442 2025 vero
467 1978 550 2039 quae
574 1977 673 2041 supra
696 1958 859 2025 fortunam

1093 1959 1154 2025 Vel
1177 1959 1297 2024 dieitur
1320 1961 1477 2038 eburnea,

303 2071 380 2131 sunt
414 2070 447 2130 et
482 2066 605 2130 habent
643 2065 771 2131 nimium
812 2086 860 2132 or·
916 2065 1008 2146 quiesi
1040 2065 1184 2132 ornatior
1214 2073 1323 2147 porta;
1360 2087 1478 2150 nempe

302 2177 414 2238 natum
455 2191 635 2253 vanamque
669 2173 860 2241 iactantiam
917 2192 965 2250 ea,
991 2191 1074 2254 quae
1091 2191 1189 2256 supra
1205 2171 1371 2239 fortunam
1389 2181 1477 2241 sunt.
1524 2211 1525 2258 3

303 2277 414 2344 dieunt
437 2276 524 2344 falsa
547 2299 618 2345 esse
636 2304 642 2346 :
660 2282 745 2345 unde
767 2282 861 2346 ebur·

303 2405 374 2463 nea,
423 2386 516 2466 quasi
563 2387 709 2452 ornatior
753 2393 859 2469 porte,

302 2490 449 2583 lingitur.

410 2636 482 2720 Qua
516 2635 740 2702 contractione
773 2635 895 2702 facturn
933 2644 996 2718 est,
1033 2642 1069 2702 ut
1092 2635 1195 2702 oratio
1219 2655 1283 2704 non
1306 2635 1369 2701 ianr
1395 2638 1478 2703 satis

303 2742 475 2824 perspicua
497 2741 550 2808 sit.

410 2850 514 2934 Quam
549 2851 728 2934 neglegens
763 2851 1020 2934 mythographus
1056 2849 1218 2916 nonnullis
1253 2850 1332 2916 locis
1366 2849 1477 2929 fuerit,

302 2955 400 3022 facile
424 2957 574 3040 cognosci
599 2963 709 3038 potest
732 2978 749 3022 e
773 2956 839 3024 fab.
865 2959 930 3024 205
955 2961 986 3040 (e
1010 2959 1100 3024 Serv.
1127 2959 1207 3022 Aen.
1227 2956 1269 3022 Vl
1294 2958 1368 3022 618.
1387 2958 1476 3036 620),

302 3064 336 3129 in
361 3063 450 3131 ouius
485 3063 554 3130 line
590 3064 744 3146 seriptum
768 3064 963 3132 invenimus:
999 3067 1122 3134 Discite
1144 3067 1300 3133 iustitiam
1319 3068 1366 3132 nel
1389 3088 1478 3134 oreore

302 3175 339 3241 io
362 3176 472 3256 poenis
495 3175 597 3241 locati.
645 3175 736 3256 Quae
759 3172 860 3238 verba
883 3174 924 3238 ab
948 3174 1010 3237 hae
1033 3191 1069 3237 re
1089 3170 1287 3237 alienissima
1302 3177 1477 3253 propterea

302 3279 365 3344 hun
389 3285 618 3360 pervenerunt,
644 3280 728 3360 quod
752 3281 837 3361 apud
863 3279 1008 3345 Servium
1034 3280 1088 3357 (ad
1112 3279 1193 3343 Aen.
1214 3278 1261 3342 VI
1284 3278 1362 3358 618)
1386 3277 1475 3344 illam

302 3385 446 3452 fabariam
481 3392 663 3467 sequuntur
680 3401 686 3450 :
704 3391 781 3451 sunt
804 3386 888 3452 enim
923 3385 1038 3450 lemma
1068 3391 1102 3451 et
1125 3385 1268 3451 scholion
1292 3403 1406 3451 versus
1429 3385 1475 3452 in·

303 3493 483 3573 sequentis
518 3492 585 3559 lab.
613 3494 676 3559 183
702 3496 733 3574 (e
757 3494 856 3563 schol.
882 3492 966 3559 Stat.
985 3493 1087 3558 Theb.
1105 3492 1138 3556 ll
1162 3492 1197 3577 4)
1228 3491 1261 3557 in
1285 3491 1352 3557 fine
1376 3495 1476 3558 verba

303 3603 479 3688 Vergilius:
498 3604 651 3686 ,dilapsae
674 3604 759 3668 color
780 3607 874 3686 alque
897 3605 933 3678 io
957 3608 1065 3670 ventos
1088 3604 1153 3668 vita
1180 3601 1313 3668 recessil‘
1346 3606 1473 3682 sumpta

303 3712 380 3772 sunt
404 3727 444 3773 ex
480 3707 601 3773 soholio
626 3709 775 3774 advers.
803 3713 830 3774 1.
879 3707 952 3791 Qua
974 3706 1184 3790 neglegentia
1213 3707 1248 3772 in
1282 3705 1473 3790 indagandis

303 3813 449 3881 fontibus
473 3815 568 3881 valde
592 3815 791 3880 adiuvamur.

411 3921 549 4002 Saepius
573 3923 831 4005 mythographus
855 3939 938 4001 quae
962 3920 1103 3988 <liversis
1127 3919 1207 3985 loeis
1223 3926 1421 4001 reppererat,
1441 3919 1472 3986 in

304 4049 399 4095 unam
425 4028 643 4094 narrationem
669 4027 860 4096 coniunxit:
878 4033 914 4092 ut
937 4026 1003 4092 lab.
1030 4029 1093 4092 126
1119 4026 1235 4107 partim
1261 4025 1306 4111 (v.
1329 4027 1470 4110 27-29)

304 4156 322 4202 e
346 4137 436 4202 Serv.
462 4137 520 4203 Ge.
553 4136 660 4213 1184,
697 4135 816 4217 partim
845 4133 890 4219 (v.
923 4135 1067 4210 29-38)
1092 4154 1109 4198 e
1133 4135 1223 4199 Serv.
1249 4135 1309 4199 Ge.
1341 4133 1387 4199 IV
1411 4136 1468 4200 111

304 4250 433 4325 sumpta
456 4250 520 4320 est;
545 4242 611 4308 fab.
630 4245 672 4309 23
696 4241 814 4323 partim
839 4242 882 4315 (v.
901 4242 1020 4308 8-12,
1045 4240 1192 4325 30-36)
1217 4242 1350 4307 eschol.
1372 4242 1468 4308 Theb.

303 4351 336 4416 ΙΙ
361 4353 435 4428 281,
460 4350 578 4433 partim
603 4353 648 4432 (v.
675 4349 818 4430 13-30)
843 4349 984 4416 eschol.
1009 4348 1127 4415 Achill.
1151 4348 1166 4414 1
1190 4349 1242 4416 65.
