3102 5254
775 405 997 468 ...54-

301 604 573 704 mythographum
597 601 660 669 viri
683 599 770 667 docti
794 605 999 666 censuerunt.
1048 598 1138 681 Quae
1163 595 1271 663 tamen
1288 599 1330 662 ad
1352 595 1486 679 mytho·

301 713 472 794 graphum
508 729 590 790 quae
623 711 665 775 ad
700 707 962 774 commentarium
990 707 1136 782 redeant,
1172 702 1402 770 difficillimum
1429 707 1547 768 est

301 817 490 884 diiudicatu.
567 861 570 868 ·
1051 861 1052 866 ι

408 924 478 990 Hoc
512 924 582 990 loeo
617 923 728 1006 disput
714 924 846 988 tandum
883 927 933 987 est
919 923 1002 986 tde
1036 921 1083 986 eis
1117 917 1248 997 fabulis,
1284 937 1369 999 quae
1406 936 1482 982 eum
1546 939 1547 996 3

303 1031 426 1115 Hygini
450 1029 658 1097 Astronomia
690 1028 917 1096 similitudines
947 1030 1078 1095 habent.
1126 1027 1217 1110 Quod
1241 1025 1269 1091 si
1292 1026 1483 1091 Vaticanus

303 1140 558 1222 mythographus
594 1138 697 1219 ipsum
733 1136 898 1219 Hyginum
934 1135 1161 1216 excerpsisset,
1200 1133 1271 1198 sine
1310 1131 1409 1197 dnbio
1448 1137 1484 1196 et
1546 1169 1547 1174 ι

300 1248 410 1328 plures
433 1245 562 1311 fabulas
586 1250 752 1310 mutuatus
783 1248 872 1308 esset
894 1279 938 1288 -
962 1241 1101 1322 quinque
1132 1239 1259 1306 omnino
1283 1237 1419 1306 fabulae
1446 1237 1481 1303 in
1546 1263 1547 1320 j

303 1353 525 1433 quaestionem
551 1353 717 1417 vocandae
741 1356 881 1416 sunt
908 1368 1011 1429 neque
1034 1349 1090 1414 illo
1114 1347 1302 1429 scriptoret
1304 1365 1355 1412 am
1374 1345 1482 1412 libere
1546 1331 1547 1402 ἦ

302 1479 380 1526 usus
396 1465 494 1537 esset,
470 1460 568 1524 tsed
585 1465 622 1524 ut
638 1460 791 1523 solett
738 1477 776 1522 ar
777 1457 842 1523 tius
859 1455 887 1521 ei
901 1475 936 1522 se
950 1455 1161 1538 applicasset:
1180 1453 1221 1520 ci.
1235 1453 1303 1521 fab.
1321 1456 1395 1528 120,
1411 1487 1481 1526 e-rr

302 1572 336 1632 et
359 1567 445 1649 Hyg
472 1567 559 1632 Astr
584 1565 679 1629 1121
704 1584 734 1645 p
752 1566 795 1629 62
815 1562 878 1648 (ed.
904 1561 1039 1648 Bunte):

498 1670 665 1753 Hyginus:
1081 1670 1185 1751 Myth.
1210 1668 1302 1734 Vat:

302 1831 309 1845 .
336 1831 343 1844 .
368 1830 376 1845 .
401 1780 535 1861 Hyades
551 1779 769 1859 appellantur.
799 1779 860 1843 has

303 1892 409 1952 autem
427 1887 633 1967 Pherecydes
651 1883 860 1950 Atheniensis
922 1963 924 1970 y

302 1991 413 2058 Liberi
447 1991 591 2057 nutrices
626 2010 699 2057 esse
734 1993 861 2056 demon·

303 2103 399 2176 strat,
439 2115 570 2163 numero
606 2102 740 2180 septem,
781 2116 861 2178 quas
972 2097 1102 2178 Septem
1128 2094 1209 2159 enim
1234 2092 1370 2160 fuerant
1393 2113 1480 2160 soro·
1546 2095 1547 2110 ³

303 2204 400 2270 etiam
437 2210 534 2270 antea
564 2205 725 2288 nymphas
757 2205 862 2268 Dodo·
916 2223 978 2283 res
1013 2204 1144 2268 eaedem
1177 2203 1341 2284 nymphae
1374 2201 1480 2266 Dodo·
1546 2241 1547 2254 ι

303 2311 395 2378 nidus
417 2312 609 2394 appellatas.
634 2313 747 2376 harum
764 2310 862 2375 nomi·
917 2309 1012 2376 nidae
1037 2309 1232 2391 appellatae.

302 2438 346 2483 na
368 2425 446 2484 sunt
468 2420 563 2484 haec:
592 2417 773 2494 Ambrosia,
798 2418 863 2483 Eu-

304 2529 392 2602 dora,
418 2524 538 2606 Pedile,
564 2524 707 2602 Coronis
727 2526 861 2607 Polyxo,

303 2634 421 2715 Phyto,
447 2633 593 2715 Thyone.
627 2633 689 2697 hae
713 2632 864 2697 dicuntur
1384 2627 1478 2712 Quae
1546 2695 1547 2708 y

304 2739 490 2822 ahycurgo
515 2737 651 2821 fugatae
675 2744 709 2804 et
732 2745 864 2820 praeter
918 2738 1111 2820 aLyourgo
1134 2735 1272 2819 iugatae
1546 2735 1547 2746 ’

303 2845 503 2912 Ambrosiam
529 2865 639 2910 omnes
667 2848 708 2910 ad
732 2846 861 2911 Thetim
1282 2844 1323 2909 ad
1348 2843 1478 2909 Thetim
1546 2861 1547 2898 ι

303 2951 510 3035 profugatae,
527 2958 564 3018 ut
580 2952 628 3018 ait
641 2952 861 3034 Asclepiades.
917 2950 1144 3034 profugerunt,
1169 2956 1207 3016 ut
1225 2948 1340 3017 scribit
1355 2951 1479 3014 Phere-
1546 2943 1547 2970 ³

304 3062 361 3126 sed
396 3066 434 3126 ut
456 3061 667 3142 Pherecydes
700 3059 788 3135 dicit,
822 3061 863 3124 ad
918 3061 1015 3142 cydes
1041 3064 1075 3124 et
1098 3058 1320 3139 Asclepiades.

304 3168 435 3232 Thebas
441 3166 592 3231 Liberum
607 3166 862 3247 perlatumlnoni

303 3273 517 3339 tradiderunt.
549 3293 644 3354 quam
668 3275 708 3338 ob
733 3291 862 3339 oausam
1154 3271 1256 3353 Quam
1281 3273 1332 3336 ob.
1346 3289 1475 3338 causam
1546 3267 1547 3270 ’

305 3401 324 3446 a
347 3381 424 3447 Iove
453 3381 504 3446 his
527 3380 636 3463 gratia
667 3386 719 3445 est
746 3381 862 3460 relata,
919 3381 960 3446 ab
983 3380 1060 3444 love
1085 3377 1131 3443 eis
1155 3378 1263 3460 gratia
1288 3384 1340 3444 est
1360 3379 1473 3455 relata,
1546 3395 1547 3468 j

305 3490 389 3568 quod
412 3489 500 3554 inter
522 3487 630 3554 sidera
653 3493 730 3553 sunt
745 3471 864 3553 constiss
919 3488 1003 3566 quod
1026 3485 1114 3551 inter
1137 3485 1246 3551 sidera
1269 3490 1345 3552 sunt
1362 3485 1475 3551 consti·
1546 3477 1547 3547 Ῑ

304 3600 405 3662 tutae.
918 3600 1021 3675 tutae,
1062 3611 1144 3673 quae
1183 3597 1306 3674 septem
1346 3611 1473 3658 numero
1546 3635 1547 3682 5

918 3701 1054 3784 Hyades
1079 3705 1155 3766 sunt
1178 3700 1373 3781 appellatae.
1546 3686 1547 3706 ¹

412 3826 551 3894 Similem
576 3827 770 3893 varietatem
794 3828 931 3908 praebet
953 3824 1020 3891 fab.
1046 3826 1110 3891 234
1145 3843 1215 3890 cum
1240 3823 1470 3908 Hygin.1121
1546 3875 1547 3898 2

306 3936 350 4018 (p.
366 3936 409 4000 62
434 3933 518 4020 sqq.)
543 3940 745 4016 comparata:

306 4061 392 4142 Hyg.
410 4060 443 4124 Il
467 4061 507 4124 21
530 4079 560 4140 p.
578 4061 631 4137 62,
643 4079 745 4140 21—p.
759 4059 864 4136 64,12:
1050 4059 1091 4122 M.
1117 4057 1156 4123 V.
1181 4055 1247 4122 tab.
1274 4057 1354 4122 234:

304 4165 436 4233 Pliades
453 4166 639 4249 appellatae
655 4170 742 4242 sunt,
766 4171 803 4230 ut
819 4165 866 4230 ait
920 4165 1072 4231 Pleiadas
1096 4183 1155 4230 seu
1178 4163 1314 4246 Hyadas
1326 4163 1388 4229 VH
1402 4165 1471 4229 stel-
1546 4239 1547 4242 Ἴ

306 4275 471 4351 Musaeus,
501 4274 585 4354 qnod
609 4291 650 4338 ex
674 4272 807 4338 Atlante
832 4279 867 4339 et
920 4274 970 4338 las
995 4272 1179 4354 appellatas
1202 4270 1358 4338 novimus.
1396 4271 1471 4337 Plei-

305 4381 432 4448 Aethra
448 4379 573 4446 Oceani
588 4378 662 4446 filia
677 4379 753 4458 sint,
774 4378 865 4446 filiae
920 4381 998 4446 ades
1034 4379 1153 4460 dictae,
1188 4381 1273 4460 quod
1296 4379 1358 4444 VH
1387 4377 1470 4444 filiae
