3102 5254
551 413 771 480 ...69-

181 627 212 674 v.
238 608 281 676 38
306 615 341 676 ot
365 611 496 678 Orosius
518 613 611 679 dicit:
641 609 788 677 Orosium
814 610 916 691 ipsum
941 628 1003 675 non
1029 629 1100 676 esse
1125 609 1247 675 adbibi-

66 721 141 779 tum
168 715 233 780 dixi
258 736 287 796 p.
316 718 371 792 11;
406 735 476 781 eum
502 722 608 781 autem
634 735 654 782 a
677 716 814 800 Vergilii
838 715 1025 784 scholiastis
1050 716 1247 798 exscriptum

67 840 148 886 esse
173 825 292 888 docent
315 823 413 888 schol.
440 824 535 889 Bern.
561 824 620 890 Ge.
645 824 689 888 IV
707 819 776 888 '211
802 843 833 906 p.
851 825 925 892 968.

183 965 258 1033 sab.
281 964 364 1052 223,
380 999 479 1040 34-th-

181 1092 213 1140 r.
238 1072 371 1139 32-34
406 1079 483 1138 sunt
518 1093 535 1138 e
564 1074 655 1141 Serv.
681 1078 740 1139 Ae.
765 1074 812 1139 VI
836 1075 910 1141 844.
958 1075 1081 1140 Eadem
1116 1073 1150 1138 iu
1185 1074 1247 1139 alio

65 1179 304 1244 commentario
321 1180 360 1243 de
377 1179 568 1246 Cincinnato
585 1182 812 1246 narrabantur.
839 1181 928 1264 Quas
945 1184 1026 1246 duas
1043 1181 1247 1248 narrationes

67 1286 333 1368 mythographus
367 1286 534 1352 coniunxit
566 1287 650 1352 falso
675 1287 784 1353 dicens
809 1287 940 1352 Atilium
966 1294 999 1353 et
1023 1287 1246 1353 Cincinnatum

66 1412 148 1458 esse
172 1394 318 1459 eundem.

183 1498 232 1566 Cf.
248 1507 427 1568 commenta
438 1501 564 1566 Lucani
580 1501 759 1566 Beruensia
772 1504 813 1567 ad
829 1502 944 1568 Phars.
954 1503 988 1567 X
1008 1504 1084 1569 153:
1101 1505 1248 1571 sordidus

0 1605 2 1692 l
68 1609 221 1676 Etruscis
251 1611 403 1676 obductus
439 1613 550 1676 consol
573 1609 712 1692 aratris]
734 1611 880 1678 Atilios
907 1611 1101 1678 Serranus
1117 1634 1126 1676 :
1142 1613 1246 1696 Verei-

67 1719 135 1784 lius
158 1719 218 1798 ,oel
241 1723 268 1782 te
296 1720 398 1784 soleo
422 1718 562 1784 Serrano
583 1715 754 1785 serentem‘.
782 1753 822 1762 -
846 1719 1001 1786 obductus
1028 1721 1138 1786 consul
1172 1741 1246 1785 cra-

68 1822 146 1905 tris]
171 1825 355 1890 Minucium
378 1827 536 1890 consulem
558 1825 663 1908 Aequi
686 1825 848 1907 Volscique
874 1832 1106 1908 superaverunt
1129 1827 1165 1892 ia
1190 1825 1247 1892 At-

64 1933 207 2015 qicloquc
231 1935 459 2008 coarctassent,
477 1930 661 2012 <detectoque
683 1931 853 2014 infeliciter
870 1932 971 2016 toret>
990 1936 1025 2000 ni
1042 1933 1248 2013 Quinctius

72 2039 338 2106 Cincinnatus
370 2040 562 2121 proecipuus
596 2041 647 2106 ille
681 2041 815 2114 dictator
845 2039 1036 2106 obsidionem
1059 2040 1144 2105 hoste
1167 2041 1247 2106 victo

67 2145 224 2211 solvisset.
272 2147 327 2227 qui
349 2151 491 2228 repertus
509 2143 619 2212 <ruri>
636 2147 675 2211 cb
699 2151 806 2212 aratro
832 2149 997 2212 arcessitos
1020 2147 1062 2212 eci
1084 2146 1185 2228 fasces
1204 2153 1248 2213 est

68 2259 98 2318 ct
123 2253 211 2318 brevi
233 2253 331 2318 victor
364 2254 476 2336 inquot
508 2253 599 2318 borini
622 2252 742 2335 Aequis
765 2253 915 2336 imposuit
937 2253 1149 2337 triumphator
1171 2275 1248 2337 pree

68 2381 100 2424 se
124 2360 250 2442 primus
271 2359 389 2424 bostem
412 2379 517 2441 occas.

183 2462 246 2527 Hic
280 2481 405 2544 quoque
441 2469 474 2528 et
508 2463 629 2529 Atilius
665 2469 699 2528 et
732 2464 943 2530 Cincinnatus
979 2463 1173 2530 nominatur.
1206 2501 1244 2510 -

71 2571 318 2635 Commentator
340 2571 466 2636 Lucani
496 2590 574 2636 usus
598 2578 649 2636 est
673 2572 786 2638 Oresio
812 2572 931 2653 (1112,
957 2573 975 2636 7
1001 2591 1049 2652 sq.
1076 2623 1082 2636 .
1109 2623 1115 2636 .
1143 2623 1148 2636 .
1174 2575 1245 2639 scil)-

70 2681 199 2765 iuqetos
220 2680 320 2745 bostes
342 2701 418 2763 pree
441 2703 472 2746 se
491 2682 617 2764 primis
640 2681 721 2764 cett),
746 2680 786 2743 ad
811 2697 903 2760 quem
927 2678 1006 2743 illud
1025 2697 1152 2760 quoque
1169 2678 1247 2743 Ver-

68 2783 144 2867 gilii
168 2783 311 2850 scholion
336 2784 441 2849 redire
466 2785 610 2854 dixerim.

383 3131 431 3206 lle
460 3132 652 3208 enchiridio
682 3134 934 3225 mythologico.

182 3287 287 3367 Supra
317 3287 380 3352 iam
412 3306 482 3352 cum
514 3289 554 3352 de
577 3287 751 3369 Fulgentio
776 3287 924 3364 dicerem,
949 3288 1085 3368 exposui
1109 3287 1247 3352 enchiri-

70 3393 147 3458 dion
185 3395 343 3473 quoddam
377 3393 572 3471 fabularum
609 3413 671 3474 quo
697 3394 793 3459 etiam
818 3393 1012 3476 Fulgentius
1037 3412 1115 3460 usus
1139 3393 1192 3470 sit,
1227 3415 1247 3460 a

0 3519 1 3574 l
71 3501 311 3583 mytnograpno
337 3501 496 3566 Vaticano
532 3501 709 3566 adhibitum
741 3520 823 3566 esse.
871 3502 920 3566 Ad
945 3520 1037 3580 quem
1061 3499 1245 3567 fabularum

69 3607 186 3673 librum
211 3607 280 3672 iure
304 3628 342 3673 ac
366 3608 480 3673 merito
504 3609 649 3674 revocari
673 3627 769 3690 posse
785 3607 910 3673 abitror
926 3627 982 3673 eas
998 3607 1137 3688 fabulas
1162 3627 1245 3688 quae

0 3705 1 3722 ¹
70 3719 211 3780 restant.
259 3716 342 3781 Sunt
365 3721 472 3780 autem
498 3715 574 3778 hae:

181 3839 254 3904 fab.
267 3839 305 3903 16
322 3859 473 3924 magnam
490 3840 591 3905 habet
607 3839 847 3906 similitudinem
865 3859 936 3904 cum
953 3840 1047 3924 Fulg.
1061 3841 1094 3905 Il
1109 3844 1130 3907 b
1146 3859 1177 3920 p.
1191 3842 1243 3906 43.

1 4039 2 4046 ¹
181 3947 257 4013 Alia
292 3948 392 4015 verba
427 3946 583 4013 exhibent
606 3949 735 4013 Narrat.
760 3946 825 4012 lab.
850 3947 947 4013 1114
978 3949 1087 4029 nabo
1112 3947 1243 4030 (Stat).

71 4053 172 4120 schol.
198 4055 281 4120 Stat.
308 4055 367 4120 Th.
393 4054 503 4121 1195.
551 4054 672 4139 Hygia.
696 4053 763 4121 lab.
790 4057 841 4120 71).

180 4179 253 4243 fab.
278 4177 336 4243 48.

179 4286 270 4369 Quae
305 4292 439 4352 exstant
474 4287 667 4368 scriptorum
707 4287 897 4352 Latinorum
937 4286 1141 4352 narrationes
1177 4287 1246 4368 (im-

72 4392 183 4477 primis
207 4393 292 4480 Hyg.
317 4392 383 4462 fab.
402 4395 543 4462 37--3a
570 4393 636 4480 79),
661 4414 726 4460 non
749 4393 831 4460 satis
856 4412 925 4460 cum
942 4393 1103 4460 Vaticano
1121 4395 1246 4478 mytho-
