3102 5254
466 469 467 472 ¹
565 439 785 510 -13-

81 637 168 710 Fab.
194 638 326 710 47-69
361 639 424 708 hac
446 640 574 709 ratione
597 641 684 708 inter·
719 661 755 709 se
789 641 1006 721 continentur,
1042 639 1126 724 quod
1150 655 1260 709 omnes

82 753 129 816 ad
154 750 308 816 Herculis
331 749 513 816 memoriam
539 756 700 834 spectant,
736 756 868 832 praeter
889 749 957 821 fab.
981 751 1023 814 67
1053 749 1107 835 (de
1131 749 1260 833 Myrmi-

81 857 249 937 donibus),
286 877 369 939 quae
403 875 508 938 neque
536 857 640 923 simile
672 864 898 940 argumentum
929 857 1030 923 habet
1052 875 1091 922 ac
1114 856 1262 937 superior

81 963 211 1043 fabula,
244 984 348 1044 neque
380 967 465 1046 apud
498 970 660 1030 auctorem
695 964 927 1048 mythographi
965 964 1109 1030 fabulam
1138 965 1181 1028 66
1212 981 1261 1028 se·
1376 959 1378 965 '

84 1071 216 1152 quitur:

301 1176 368 1246 fab.
392 1180 436 1245 66
564 1197 582 1244 e
606 1179 699 1247 Serv.
724 1181 782 1248 Ae.
807 1177 891 1244 VIII
918 1179 981 1245 190
1038 1231 1040 1241 .

384 1286 434 1350 67
858 1284 893 1350 Π
961 1287 990 1349 7.

84 1429 173 1496 Aliis
196 1428 275 1494 lociS
298 1428 383 1495 ratio
406 1427 577 1496 ordinandi
600 1427 743 1510 perspici
765 1447 830 1496 non
852 1433 971 1510 potest.
1038 1501 1039 1506 ,

200 1554 302 1638 Quam
327 1553 556 1636 mythographi
579 1553 737 1619 ratIonem
761 1552 836 1619 libri
856 1543 1076 1619 conscribendi
1103 1553 1156 1634 qui
1180 1552 1262 1617 satis

85 1661 228 1738 noverit,
263 1661 327 1726 illis
363 1680 428 1727 non
463 1661 677 1737 adsentietur,
714 1661 768 1741 qui
804 1659 840 1726 ll.
876 1659 1061 1726 Planciadis
1096 1659 1263 1743 Fulgentii

87 1766 315 1851 hlytbologias
339 1787 359 1833 a
383 1769 623 1851 mythographo
647 1767 807 1833 Vaticano
831 1773 1001 1849 excerptas
1026 1764 1263 1853 censuerunt.¹)

88 1876 156 1940 Suo
181 1875 251 1940 iure
275 1873 355 1940 dicit
377 1874 462 1940 Zinh
486 1875 506 1940 l.
532 1874 553 1939 l.
578 1895 609 1957 p.
636 1875 692 1939 13:
724 1877 867 1944 wirhb'cb
893 1875 1004 1962 treffea
1028 1878 1089 1943 coir
1112 1876 1193 1942 auch
1218 1876 1264 1942 bei

87 1986 204 2050 diesem
228 1983 258 2050 I.
284 1983 541 2068 Mptboprupbea
564 1984 828 2064 666666666666
845 1967 1090 2051 buticularia
1113 1983 1261 2050 666166-

84 2092 224 2176 perarua,
256 2092 306 2158 die
335 2090 517 2177 ocamb‘qb'cb
547 2091 681 2175 errfdllip
711 2094 778 2158 sein
804 2091 944 2158 666666.
993 2089 1056 2154 Sed
1080 2094 1169 2154 errat
1193 2108 1264 2170 per-

87 2215 186 2280 gens:
220 2198 293 2264 Dus
323 2199 458 2284 pelebrte
481 2199 637 2274 Beiwerlc
673 2199 724 2266 die
746 2199 962 2266 ermitdeadea
985 2197 1262 2278 Roieommments,

88 2307 141 2373 dte
164 2306 423 2373 ubsouderticheu
440 2305 677 2392 Etymotopieea
701 2305 753 2373 des
776 2305 967 2390 Futpentius
983 2305 1103 2388 finden
1125 2305 1212 2372 sich.
1230 2356 1262 2372 ..

87 2437 124 2480 so
147 2414 236 2480 sturlo
258 2419 419 2496 vertretea,
454 2414 528 2480 does
561 2415 621 2480 wir
656 2408 795 2480 beidam
818 2413 1075 2499 Mptboprapbcu
1099 2397 1265 2480 6666666

87 2521 162 2586 ared
197 2521 393 2606 66666669
427 2521 479 2587 cles
513 2507 706 2605 Fulpanta'us
740 2521 923 2588 66666666
958 2527 1093 2587 missen.
1152 2517 1263 2597 Neque

89 2625 175 2690 enim
200 2625 334 2707 respicit
358 2623 621 2692 conspetudinem
646 2626 885 2709 mythographi,
911 2645 1005 2706 quam
1023 2625 1055 2691 in
1071 2623 1264 2691 adhibendis

89 2729 278 2798 ductoribus
302 2732 465 2812 sequitur:
501 2729 700 2815 Fulgentius
736 2715 883 2798 omnihus
917 2733 997 2798 locis
1032 2731 1193 2820 copiosmr
1215 2736 1265 2796 est

88 2847 125 2904 et
148 2858 247 2920 saepe
263 2839 469 2921 longissimas
485 2839 641 2922 mysticas
657 2839 891 2922 explicationes
907 2841 1016 2918 habet,
1041 2858 1121 2919 quas
1142 2840 1264 2920 mytho·

88 2947 235 3030 graphas
259 2947 438 3012 Vaticanus
472 2951 561 3012 totas
596 2953 654 3026 aut
688 2947 960 3029 transcripturum
993 2953 1051 3013 aut
1074 2947 1263 3012 omissurum

88 3052 195 3119 fuisse
219 3053 386 3135 probabile
411 3059 472 3131 est,
497 3053 525 3118 si
548 3053 652 3135 ipsum
668 3053 877 3137 Fulgentium
897 3055 937 3118 ad
955 3072 1069 3119 manus
1085 3052 1263 3118 habuisset.

89 3159 192 3240 Atqui
214 3159 377 3226 interdum
410 3161 481 3243 ipsc
516 3179 642 3240 quoque
665 3160 751 3227 tales
776 3161 1011 3244 explicatIones
1035 3157 1146 3238 affert,
1182 3178 1264 3239 quae

90 3273 199 3333 tamen
225 3267 437 3349 amplitudine
462 3267 669 3350 Fulgentium
704 3267 832 3334 minime
860 3270 1044 3348 adaequare
1076 3267 1197 3346 solent;
1222 3264 1262 3332 cf.

90 3372 158 3441 fab.
184 3375 250 3442 230
273 3381 307 3440 et
329 3374 423 3457 Fulg.
448 3373 498 3439 ΙΙΙ
521 3375 542 3439 5
566 3393 597 3455 p.
622 3376 664 3439 64
690 3394 759 3456 sqq.
785 3375 849 3459 (ed.
874 3375 997 3456 Helm):

258 3517 354 3601 Fulg.
379 3517 426 3582 ΠΙ
448 3521 485 3584 5:
835 3519 879 3584 M.
904 3517 942 3583 V.
967 3515 1035 3583 fab.
1059 3517 1139 3602 230:

90 3624 240 3706 Decepta
255 3624 374 3692 Grecia
391 3622 583 3690 credulitate
600 3624 652 3689 de·

91 3750 221 3797 monum
253 3731 361 3812 potius
395 3750 489 3813 quam
521 3733 650 3796 deorum

91 3856 264 3918 numquam
299 3838 442 3903 deterius
476 3837 544 3903 suis
589 3836 652 3903 diis

91 3950 265 4027 reponeret
280 3963 374 4026 quam
398 3950 435 4011 ut
458 3963 568 4010 eorum
587 3964 653 4010 ma·

200 4176 226 4244 1)
245 4173 328 4231 Bode
346 4173 440 4246 praef.
459 4192 487 4246 p.
505 4174 592 4230 XVII
611 4194 660 4233 aec
679 4175 845 4248 Eldpentius
861 4193 929 4232 soce
946 4177 1056 4246 utrique
1081 4177 1130 4245 (sc.
1149 4176 1265 4245 mytho-

92 4263 207 4336 grapho
226 4263 371 4320 Vaticano
390 4265 404 4318 I
424 4268 455 4320 et
473 4265 513 4335 II)
541 4267 654 4337 ippotae
672 4266 738 4336 fait.
776 4264 813 4320 cf.
832 4264 918 4334 Zink,
946 4265 1007 4320 Der
1025 4264 1182 4335 Mytholug
1201 4265 1265 4334 uul-

93 4353 220 4424 gentius
239 4370 267 4423 p.
285 4357 315 4409 13
328 4371 391 4423 sqq.
420 4353 702 4423 r[boisel-Schwabe,
723 4353 900 4409 Gesehiehtc
915 4353 941 4413 d.
962 4361 1033 4410 rdm.
1047 4353 1159 4410 Litt.⁵l
1179 4371 1205 4424 p.
1222 4359 1264 4414 ta.

93 4443 190 4511 Helm,
210 4442 321 4498 Archiv
339 4441 361 4499 f.
380 4443 430 4501 lat.
449 4442 685 4518 Lexioographie
705 4446 737 4498 11
757 4461 785 4521 p.
805 4447 847 4501 77.
