3102 5254
788 396 1009 460 ,6-

313 589 555 658 coutroversiae
590 590 691 680 finem
726 590 806 655 ierit
840 591 877 657 Ο.
909 591 1089 668 Rossbach,
1125 589 1178 670 qui
1212 589 1246 654 iu
1281 588 1502 655 Fleckeiseni

312 701 422 765 annal.
444 701 502 766 131
529 717 559 780 p.
576 699 641 788 408
665 717 773 794 ueram
799 696 885 762 illius
909 695 1158 779 subscriptionis
1179 696 1348 763 lectionem
1374 716 1502 762 omnes

312 805 436 871 docuit:
474 805 629 887 ,Explmit
664 805 746 870 liber
778 805 939 871 secundus
964 803 998 871 C.
1023 803 1161 888 hill:
1187 809 1316 870 centum
1346 804 1499 884 habens)

310 911 441 978 fabulas
465 912 551 978 sicut
574 917 608 977 et
631 911 774 993 primus‘

420 1055 596 1136 Scripton's
625 1055 730 1138 igitur
759 1055 812 1120 vel
840 1053 950 1136 potius
974 1053 1192 1135 compilatoris
1216 1073 1256 1119 ne
1279 1073 1397 1119 nomen
1424 1055 1498 1134 qui-

313 1164 384 1227 dem
409 1161 602 1244 accepimus,
638 1161 702 1245 Qui
726 1181 791 1242 qua
815 1166 925 1226 aetate
949 1160 1059 1242 fuerit,
1084 1165 1152 1226 tum
1176 1163 1301 1226 demum
1327 1180 1496 1241 quaerere

313 1269 433 1347 licebit,
467 1287 537 1335 oum
572 1267 681 1334 fontes
715 1268 797 1334 satis
821 1267 1076 1351 cognoverimus.
1124 1267 1159 1332 In
1185 1267 1300 1347 quibus
1323 1267 1436 1334 Servii
1462 1267 1496 1333 in

313 1375 491 1459 Vergilium
528 1374 775 1441 commentarios
810 1393 882 1441 esse
916 1375 980 1440 iarn
1014 1375 1121 1440 Maius
1156 1373 1247 1440 vidit.
1257 1373 1282 1460 1)
1335 1374 1493 1441 Servium

314 1481 543 1567 mythographi
577 1481 700 1548 iontem
737 1501 811 1548 esse
846 1484 1068 1548 demonstrare
1102 1488 1239 1548 conatur
1266 1483 1356 1548 Bode
1380 1482 1492 1564 praef.

312 1611 342 1672 p.
367 1591 440 1668 XV,
465 1591 519 1670 qui
543 1595 716 1672 praeterea
739 1589 893 1673 cognovit
916 1608 986 1655 cum
1010 1589 1194 1672 Fulgentio,
1221 1609 1292 1656 cum
1315 1609 1509 1674 argumen.

312 1698 357 1763 tis
380 1698 680 1779 metamorphoseon
697 1696 814 1774 Ovidii,
839 1715 909 1762 cum
927 1696 1057 1762 scholiis
1080 1696 1113 1761 in
1130 1696 1280 1774 Statium,
1305 1697 1491 1777 Lucanum,

313 1803 494 1882 Horatium,
530 1804 769 1885 Germanicum,
806 1823 875 1870 cum
901 1804 1018 1870 Isidori
1047 1803 1251 1886 Hispalensis
1286 1804 1490 1888 Originibus

311 1930 383 1977 cum
408 1911 533 1994 Hygini
556 1911 765 1977 Astronomiu
788 1912 1027 1994 mythographo
1045 1910 1204 1977 Vaticano
1229 1929 1302 1977 esse
1327 1914 1490 1992 quasdam

312 2017 549 2084 similitudines.
598 2018 689 2102 Quae
724 2025 834 2084 tamen
870 2018 955 2084 ratio
991 2017 1077 2083 inter
1108 2019 1419 2101 mythographuml
1456 2025 1490 2084 et

312 2123 516 2207 illascripta
539 2125 768 2202 intercederet,
793 2127 883 2192 Bode
907 2125 1085 2191 diiudicare
1101 2129 1246 2210 ,conatus
1262 2144 1326 2198 uon
1350 2131 1411 2204 est,
1430 2129 1488 2192 sed

313 2230 360 2298 eis
394 2237 522 2298 tuntum
548 2231 687 2310 ,auxiliis
722 2235 763 2298 cd
798 2233 967 2314 scriptoris
990 2233 1092 2300 verba
1120 2231 1233 2298 melius
1257 2233 1488 2300 constituenda

313 2337 500 2420 aptissimis‘
526 2337 644 2424 (praei.
668 2358 699 2420 p.
725 2339 779 2424 V.)
803 2355 880 2404 usus
904 2345 968 2416 est;
1004 2339 1038 2404 in
1061 2337 1207 2420 plurimis
1230 2337 1351 2405 fabulis
1375 2339 1487 2406 simili-

313 2445 444 2512 tudines
467 2465 531 2512 non
555 2445 709 2528 repperit.
756 2445 821 2511 Alii
845 2445 906 2512 viri
940 2447 1027 2513 docti
1051 2448 1091 2512 de
1116 2445 1229 2513 Servio
1253 2452 1287 2512 et
1309 2447 1485 2530 Fulgentio

315 2551 545 2636 mythographi
567 2551 753 2619 auctoribus
778 2553 871 2634 quasi
894 2553 928 2618 in
951 2552 1093 2620 transitu
1116 2553 1351 2620 disseruerunt.

419 2695 488 2761 Iam
520 2714 589 2761 cum
613 2677 648 2760 in
671 2694 781 2761 fontes
807 2695 1036 2779 mythographi
1059 2695 1212 2762 Vaticani
1234 2696 1252 2762 I
1275 2715 1368 2762 nemo
1392 2716 1484 2764 accu-
1536 2709 1537 2744 I

313 2801 417 2868 ratius
439 2801 655 2883 inquisiverit,
682 2802 827 2884 equidem
852 2805 894 2868 ad
917 2804 1002 2868 hanc
1025 2803 1248 2884 quaestionem
1272 2803 1405 2870 accessi.

419 2947 528 3026 Atque
552 2952 590 3010 ut
613 2944 725 3011 meHus
750 2963 991 3029 cognoscamus,
1016 2965 1096 3027 quos
1113 2952 1262 3013 auctores
1278 2946 1331 3013 hic
1346 2947 1483 3030 scriptor

314 3051 440 3132 adierit,
464 3051 620 3133 imprimis
645 3052 728 3118 scire
752 3071 885 3118 necesse
909 3057 969 3130 est,
1002 3071 1140 3134 quanam
1163 3054 1291 3120 ratione
1320 3054 1353 3119 in
1377 3061 1480 3120 aucto·
1535 3085 1536 3090 .

313 3159 402 3226 ribus
437 3159 629 3225 adhibendis
663 3160 921 3242 mythographus
956 3178 1033 3228 usus
1069 3159 1121 3226 sit.
1170 3161 1261 3245 Quae
1292 3160 1427 3226 dilucide
1449 3163 1479 3227 in

314 3265 361 3332 eis
383 3264 504 3332 fabulis
528 3264 670 3348 perspici
693 3272 811 3350 potest,
837 3285 919 3348 quae
943 3287 984 3333 ex
1005 3265 1150 3333 fontibus
1173 3270 1279 3334 adhuc
1303 3268 1479 3350 superstiti-

313 3376 373 3440 bus
408 3372 532 3458 petitae
566 3379 653 3439 suut.
700 3375 808 3455 Atque
843 3374 956 3442 Servio
992 3380 1026 3439 et
1060 3374 1289 3441 commentario
1325 3375 1477 3456 Statiano,

315 3497 395 3561 quos
418 3499 438 3545 a
462 3481 698 3564 mythographo
718 3481 881 3548 adhibitos
901 3501 973 3548 esse
997 3480 1094 3548 facile
1118 3482 1248 3564 probari
1271 3488 1389 3564 potest,
1411 3502 1476 3548 cum

315 3588 552 3670 mythographo
576 3587 703 3654 collatis
726 3590 813 3655 hunc
839 3588 872 3655 in
902 3589 1089 3656 universum
1113 3590 1311 3655 adverbum
1337 3595 1476 3656 auctores

284 3712 391 3802 'suos
426 3693 622 3776 expilavissc
657 3701 759 3777 patet.
822 3697 867 3763 Ut
903 3696 1081 3779 exemplum
1117 3695 1272 3763 afferam:
1318 3696 1425 3763 fabula
1457 3703 1475 3767 8

315 3807 446 3883 sumpta
469 3808 519 3867 est
543 3820 560 3866 e
585 3801 691 3869 Servii
714 3805 756 3868 ad
780 3803 898 3887 Georg.
923 3804 938 3867 1
963 3804 1026 3869 163
1051 3803 1293 3870 commentario:
1533 3867 1534 3917 1

422 4033 449 4097 1)
468 4029 505 4086 cf.
524 4029 617 4101 praef.
636 4049 664 4102 p.
683 4031 753 4087 VII:
781 4034 908 4089 Savium
935 4035 1068 4104 Hypium
1095 4038 1189 4089 noster
1215 4036 1381 4092 nominatim
1404 4053 1472 4092 ocur·
1532 4085 1533 4090 ,

315 4137 398 4190 quom
417 4121 652 4192 appellationum
680 4125 772 4178 tamem
799 4123 859 4178 mus
885 4123 916 4176 in
943 4123 1043 4192 subala
1061 4124 1184 4180 LXXIV
1203 4128 1229 4179 et
1256 4124 1327 4180 aliua
1345 4125 1409 4180 altu
1424 4125 1472 4180 sibi

315 4209 445 4280 uindicat,
474 4211 506 4264 et
533 4208 666 4265 adnotat.
694 4209 732 4264 ad
758 4208 818 4266 iub.
837 4209 963 4265 LXXIV
982 4228 1010 4282 p.
1029 4215 1080 4268 29:
1108 4213 1239 4269 noiomo
1265 4214 1331 4271 hoec
1356 4216 1471 4270 mrrotio

315 4300 490 4356 numitorem
509 4299 605 4356 Sosio
632 4300 668 4354 cd
690 4303 756 4356 Am.
776 4302 851 4358 VIII
872 4305 931 4356 646.
950 4301 1008 4359 nisi
1025 4304 1100 4374 forte
1121 4303 1260 4376 suspirari
1279 4304 1341 4360 licet
1360 4304 1471 4360 &mium

312 4389 407 4459 potius
424 4408 444 4445 a
461 4394 555 4448 nostro
573 4390 775 4464 mythographo
792 4391 946 4464 comprime.
