3102 5254
558 415 779 483 -55-

82 611 137 674 XV
179 618 391 695 procreatae,
439 631 571 693 quarum
611 608 666 676 V‘

82 719 216 800 Hyades
229 720 414 801 appellatas
427 723 640 801 demonstrat,

30 903 31 926 Χ
82 830 160 906 qnod
174 847 290 893 earum
302 827 396 910 Hyas
412 825 512 892 fuerit
527 826 642 904 frater,

30 943 31 948 ’
81 953 99 997 a
119 935 294 1000 sororibus
305 934 477 1016 ¹plurimum
495 935 641 1001 dilectus.

29 1043 30 1126 ζ
82 1040 130 1120 qni
155 1061 233 1107 cum
254 1061 377 1108 venans
401 1063 422 1107 a
443 1043 537 1108 leone
554 1049 645 1109 esset

29 1131 30 1166 r
81 1147 289 1227 interiectus,
327 1149 478 1232 qninqne,
514 1153 554 1215 de
578 1149 644 1231 qui-

698 633 738 677 ex
772 594 923 696 Plione,
963 633 1046 694 quac
1085 619 1119 678 et
1158 614 1257 680 Ethia

698 721 773 803 (leg.
799 721 943 805 Aethra),
968 722 1093 787 Oceani
1115 720 1198 800 lilia,
1223 728 1257 788 et

698 831 832 895 Atlante
857 829 923 896 sint
946 834 1054 895 natae.

81 1257 138 1320 bns
188 1256 485 1336 supradiximus,
526 1258 644 1324 lamen·
710 1275 713 1286 ⁴

81 1362 261 1428 tationibns
293 1362 433 1429 assiduis
467 1370 643 1446 permotae,

81 1468 235 1535 dicuntur
258 1469 425 1552 interisse3
450 1490 551 1551 quare
576 1489 643 1550 eas,

82 1579 164 1656 qnod
192 1576 361 1658 plurimum
387 1580 427 1643 de
451 1578 522 1644 eins
542 1583 644 1643 morte
687 1585 690 1594 '

25 1685 26 1704 ³
83 1683 280 1765 laborarent,
296 1686 432 1767 Hyadas
449 1685 642 1767 appellatas.

24 1829 25 1852 1
81 1790 228 1871 reliquas
250 1797 359 1857 autem
383 1794 492 1857 decem
517 1810 644 1857 soreres

23 1913 25 1992 ζ
82 1898 282 1964 deliberasse
310 1900 349 1964 de
373 1918 516 1964 sororum
543 1906 644 1965 morte

23 2067 24 2072 ,
81 2013 114 2070 et
137 2022 249 2070 earum
274 2013 401 2088 septem
425 2012 557 2072 mortem
583 2006 644 2072 sibi

22 2120 23 2124 ’
82 2111 260 2196 conscissa
291 2133 392 2193 qnare
423 2117 507 2195 qnod
535 2113 645 2197 plnres

21 2277 22 2298 ,
83 2219 167 2284 idem
183 2219 355 2298 senserint,
379 2221 511 2286 Pliadas
528 2221 642 2286 dictas.

83 2327 272 2394 Alexander
295 2332 403 2394 antem
426 2329 564 2411 Hyadas
597 2327 645 2393 ait

20 2435 21 2500 l
84 2433 200 2511 dictas
225 2436 308 2515 qnod
325 2435 469 2518 Hyantis
494 2441 528 2500 et
544 2435 645 2500 Boeo·

19 2588 20 2618 ,
83 2541 151 2606 tiae
167 2541 234 2608 sint
249 2540 354 2620 filiae;
375 2543 508 2609 Pliadas
525 2548 643 2620 antem,

19 2629 20 2672 ³
85 2651 169 2728 quod
205 2668 246 2712 ex
280 2649 416 2715 Plione
452 2651 576 2716 Oceani
611 2658 645 2716 et

84 2756 220 2821 Atlante
259 2755 327 2822 sint
368 2763 476 2822 natae.
539 2757 644 2842 (Quae

84 2868 266 2944 sequuntur
288 2882 390 2946 usque
414 2868 456 2930 ad
481 2885 508 2934 v.
525 2867 567 2930 22
592 2868 643 2934 ob-

83 2955 252 3053 scuratam,
277 2989 345 3036 eum
371 2991 423 3038 vv.
443 2973 553 3039 4-15
576 2970 642 3038 lab.

85 3080 148 3143 234
172 3079 405 3163 consentiunt.)
452 3079 508 3144 alii
532 3079 645 3145 dicunt

84 3187 250 3252 Electram
281 3205 344 3251 non
377 3206 535 3268 apparere
558 3185 641 3267 ideo,

86 3295 168 3373 quod
183 3293 314 3359 Pliades
331 3294 558 3386 existimentur
569 3295 643 3360 cho-

85 3421 171 3466 ream
197 3404 314 3467 ducere
339 3400 458 3478 stellis;
483 3402 541 3467 sed
556 3409 643 3482 post-

86 3527 179 3588 quam
204 3507 302 3574 Troia
326 3508 371 3574 sit
386 3493 493 3590 capta,
520 3515 554 3574 et
572 3528 643 3590 pro-

86 3616 198 3698 genies
232 3615 301 3682 eius
332 3635 414 3697 quae
445 3615 643 3681 aDardano

85 3721 194 3800 fuerit,
219 3723 263 3788 sit
286 3743 414 3801 eversa,
439 3722 548 3788 dolore
571 3743 642 3804 per-

87 3837 202 3897 motam
238 3832 279 3896 ab
316 3829 365 3895 his
398 3850 432 3895 se
455 3829 642 3906 removisse,

87 3944 120 4002 et
141 3938 173 4004 in
198 3938 318 4005 circulo
335 3938 388 4018 qui
409 3938 550 4004 arcticus
567 3938 644 4004 dici·

87 4051 148 4126 tur,
183 4045 379 4123 constitisse,
416 4065 456 4111 ex
491 4051 643 4126 quotam

89 4152 182 4236 longo
222 4161 368 4235 tempore
410 4153 643 4219 lamentantem

90 4260 203 4342 capillo
226 4279 324 4344 passo
347 4259 465 4338 videri;
490 4259 602 4340 itaque
626 4279 643 4324 e

88 4365 174 4434 lacto
187 4370 340 4435 Cometen
350 4387 422 4434 esse
436 4367 643 4450 appellatam.

1058 3076 1123 3144 Alii
1146 3075 1258 3144 dicunt

697 3187 862 3253 Electram
888 3207 951 3252 non
976 3205 1101 3268 parere,
1125 3190 1258 3268 propter

698 3294 828 3360 Troiam
852 3299 992 3376 captam,
1017 3299 1052 3357 et
1070 3292 1256 3385 progeniem

698 3421 799 3480 suala,
824 3421 906 3483 qnae
931 3420 970 3466 ex
994 3401 1147 3467 Dardano
1174 3399 1256 3478 erat,

696 3510 938 3574 lamentantem.
998 3507 1001 3515 ⁴
