<?xml version="1.0" encoding="UTF-8"?>
<!DOCTYPE html PUBLIC "-//W3C//DTD XHTML 1.0 Transitional//EN"
    "http://www.w3.org/TR/xhtml1/DTD/xhtml1-transitional.dtd">
<html xmlns="http://www.w3.org/1999/xhtml" xml:lang="en" lang="en">
 <head>
  <title>
</title>
<meta http-equiv="Content-Type" content="text/html;charset=utf-8" />
  <meta name='ocr-system' content='tesseract 3.04.00' />
  <meta name='ocr-capabilities' content='ocr_page ocr_carea ocr_par ocr_line ocrx_word'/>
</head>
<body>
  <div class='ocr_page' id='page_1' title='image "./demythographiva00schugoog_0019.png"; bbox 0 0 3102 5254; ppageno 0'>
   <div class='ocr_carea' id='block_1_1' title="bbox 772 429 991 502">
    <p class='ocr_par' dir='ltr' id='par_1_1' title="bbox 772 429 991 502">
     <span class='ocr_line' id='line_1_1' title="bbox 772 429 991 502; baseline -0.009 -19"><span class='ocrx_word' id='word_1_1' title='bbox 772 429 991 502; x_wconf 81' lang='lat' dir='ltr'>-to-</span> 
     </span>
    </p>
   </div>
   <div class='ocr_carea' id='block_1_2' title="bbox 297 627 1537 4128">
    <p class='ocr_par' dir='ltr' id='par_1_2' title="bbox 297 627 1540 4128">
     <span class='ocr_line' id='line_1_2' title="bbox 299 627 857 716; baseline -0.004 -16"><span class='ocrx_word' id='word_1_2' title='bbox 299 627 456 713; x_wconf 87' lang='lat' dir='ltr'>volentes,</span> <span class='ocrx_word' id='word_1_3' title='bbox 481 629 567 713; x_wconf 87' lang='lat' dir='ltr'>qnod</span> <span class='ocrx_word' id='word_1_4' title='bbox 587 628 657 701; x_wconf 86' lang='lat' dir='ltr'>sive</span> <span class='ocrx_word' id='word_1_5' title='bbox 673 629 857 716; x_wconf 83' lang='lat' dir='ltr'>indigentes</span> 
     </span>
     <span class='ocr_line' id='line_1_3' title="bbox 299 739 857 822; baseline 0 -17"><span class='ocrx_word' id='word_1_6' title='bbox 299 740 368 808; x_wconf 87' lang='lat' dir='ltr'>sive</span> <span class='ocrx_word' id='word_1_7' title='bbox 403 739 446 804; x_wconf 93' lang='lat' dir='ltr'>dii</span> <span class='ocrx_word' id='word_1_8' title='bbox 482 739 551 808; x_wconf 85' lang='lat' dir='ltr'>sive</span> <span class='ocrx_word' id='word_1_9' title='bbox 590 743 742 806; x_wconf 86' lang='lat' dir='ltr'>demones</span> <span class='ocrx_word' id='word_1_10' title='bbox 776 747 857 822; x_wconf 88' lang='lat' dir='ltr'>aput</span> 
     </span>
     <span class='ocr_line' id='line_1_4' title="bbox 299 846 855 928; baseline 0 -16"><span class='ocrx_word' id='word_1_11' title='bbox 299 847 451 928; x_wconf 89' lang='lat' dir='ltr'>antiquos</span> <span class='ocrx_word' id='word_1_12' title='bbox 476 867 496 912; x_wconf 92' lang='lat' dir='ltr'>a</span> <span class='ocrx_word' id='word_1_13' title='bbox 519 846 641 914; x_wconf 86' lang='lat' dir='ltr'>divitiis</span> <span class='ocrx_word' id='word_1_14' title='bbox 665 847 744 912; x_wconf 95' lang='lat' dir='ltr'>dicti</span> <span class='ocrx_word' id='word_1_15' title='bbox 769 854 855 925; x_wconf 91' lang='lat' dir='ltr'>sunt,</span> 
     </span>
     <span class='ocr_line' id='line_1_5' title="bbox 300 954 857 1036; baseline 0 -17"><span class='ocrx_word' id='word_1_16' title='bbox 300 973 378 1036; x_wconf 91' lang='lat' dir='ltr'>orgo</span> <span class='ocrx_word' id='word_1_17' title='bbox 408 955 555 1036; x_wconf 87' lang='lat' dir='ltr'>potentia</span> <span class='ocrx_word' id='word_1_18' title='bbox 586 954 721 1023; x_wconf 86' lang='lat' dir='ltr'>divitum</span> <span class='ocrx_word' id='word_1_19' title='bbox 753 961 857 1020; x_wconf 88' lang='lat' dir='ltr'>mater</span> 
     </span>
     <span class='ocr_line' id='line_1_6' title="bbox 299 1062 856 1144; baseline 0.002 -18"><span class='ocrx_word' id='word_1_20' title='bbox 299 1068 364 1139; x_wconf 90' lang='lat' dir='ltr'>est;</span> <span class='ocrx_word' id='word_1_21' title='bbox 401 1063 484 1127; x_wconf 92' lang='lat' dir='ltr'>unde</span> <span class='ocrx_word' id='word_1_22' title='bbox 519 1069 553 1126; x_wconf 93' lang='lat' dir='ltr'>et</span> <span class='ocrx_word' id='word_1_23' title='bbox 587 1062 747 1128; x_wconf 86' lang='lat' dir='ltr'>Homerus</span> <span class='ocrx_word' id='word_1_24' title='bbox 771 1065 856 1144; x_wconf 86' lang='lat' dir='ltr'>Aga·</span> 
     </span>
     <span class='ocr_line' id='line_1_7' title="bbox 299 1168 855 1239; baseline 0.011 -7"><span class='ocrx_word' id='word_1_25' title='bbox 299 1187 495 1234; x_wconf 85' lang='lat' dir='ltr'>memnonem</span> <span class='ocrx_word' id='word_1_26' title='bbox 535 1168 743 1235; x_wconf 82' lang='lat' dir='ltr'>considerans</span> <span class='ocrx_word' id='word_1_27' title='bbox 774 1169 855 1239; x_wconf 89' lang='lat' dir='ltr'>ait:</span> 
     </span>
     <span class='ocr_line' id='line_1_8' title="bbox 298 1255 857 1360; baseline 0.002 -23"><span class='ocrx_word' id='word_1_28' title='bbox 298 1255 324 1337; x_wconf 73' lang='grc' dir='ltr'><em>ὦ</em></span> <span class='ocrx_word' id='word_1_29' title='bbox 353 1271 465 1360; x_wconf 80' lang='grc' dir='ltr'><strong><em>μα’καρ</em></strong></span> <span class='ocrx_word' id='word_1_30' title='bbox 499 1267 635 1360; x_wconf 74' lang='grc' dir='ltr'><em>Ἀτρείδη</em></span> <span class='ocrx_word' id='word_1_31' title='bbox 668 1274 857 1360; x_wconf 66' lang='grc' dir='ltr'><strong><em>μοιρηγενὲς</em></strong></span> 
     </span>
     <span class='ocr_line' id='line_1_9' title="bbox 297 1373 856 1467; baseline 0.009 -23"><span class='ocrx_word' id='word_1_32' title='bbox 297 1373 518 1467; x_wconf 79' lang='grc' dir='ltr'><em>ὀλβιόδαιμον,</em></span> <span class='ocrx_word' id='word_1_33' title='bbox 543 1403 604 1450; x_wconf 89' lang='lat' dir='ltr'>nec</span> <span class='ocrx_word' id='word_1_34' title='bbox 628 1402 691 1449; x_wconf 94' lang='lat' dir='ltr'>non</span> <span class='ocrx_word' id='word_1_35' title='bbox 715 1388 749 1448; x_wconf 89' lang='lat' dir='ltr'>et</span> <span class='ocrx_word' id='word_1_36' title='bbox 764 1383 856 1449; x_wconf 85' lang='lat' dir='ltr'>Euri·</span> 
     </span>
     <span class='ocr_line' id='line_1_10' title="bbox 298 1488 856 1570; baseline 0.005 -17"><span class='ocrx_word' id='word_1_37' title='bbox 298 1488 389 1570; x_wconf 89' lang='lat' dir='ltr'>pides</span> <span class='ocrx_word' id='word_1_38' title='bbox 435 1489 643 1556; x_wconf 83' lang='lat' dir='ltr'>consimilans</span> <span class='ocrx_word' id='word_1_39' title='bbox 682 1491 856 1556; x_wconf 82' lang='lat' dir='ltr'>Tantalum</span> 
     </span>
     <span class='ocr_line' id='line_1_11' title="bbox 297 1595 856 1680; baseline 0.004 -20"><span class='ocrx_word' id='word_1_40' title='bbox 297 1596 373 1662; x_wconf 89' lang='lat' dir='ltr'>Jovi</span> <span class='ocrx_word' id='word_1_41' title='bbox 417 1596 449 1661; x_wconf 90' lang='lat' dir='ltr'>in</span> <span class='ocrx_word' id='word_1_42' title='bbox 488 1595 659 1680; x_wconf 85' lang='lat' dir='ltr'>tragoedia</span> <span class='ocrx_word' id='word_1_43' title='bbox 703 1595 856 1662; x_wconf 81' lang='lat' dir='ltr'>Electrae</span> 
     </span>
     <span class='ocr_line' id='line_1_12' title="bbox 298 1703 649 1768; baseline 0 0"><span class='ocrx_word' id='word_1_44' title='bbox 298 1703 366 1768; x_wconf 89' lang='lat' dir='ltr'>ait:</span> <span class='ocrx_word' id='word_1_45' title='bbox 647 1713 649 1718; x_wconf 86' lang='lat'>&#39;</span> 
     </span>
     <span class='ocr_line' id='line_1_13' title="bbox 344 1804 856 1895; baseline 0.004 -23"><span class='ocrx_word' id='word_1_46' title='bbox 344 1805 361 1872; x_wconf 80' lang='grc' dir='ltr'><em>ὃ</em></span> <span class='ocrx_word' id='word_1_47' title='bbox 386 1804 445 1895; x_wconf 78' lang='grc' dir='ltr'>γὰρ</span> <span class='ocrx_word' id='word_1_48' title='bbox 467 1807 637 1895; x_wconf 78' lang='grc' dir='ltr'><em>μακάριος,</em></span> <span class='ocrx_word' id='word_1_49' title='bbox 666 1805 745 1874; x_wconf 77' lang='grc' dir='ltr'>κούκ</span> <span class='ocrx_word' id='word_1_50' title='bbox 769 1807 856 1874; x_wconf 79' lang='grc' dir='ltr'><strong><em>ὄνει-</em></strong></span> 
     </span>
     <span class='ocr_line' id='line_1_14' title="bbox 343 1911 948 2024; baseline -0.002 -43"><span class='ocrx_word' id='word_1_51' title='bbox 343 1919 419 1995; x_wconf 64' lang='lat' dir='ltr'>ulca</span> <span class='ocrx_word' id='word_1_52' title='bbox 452 1915 559 1998; x_wconf 74' lang='grc' dir='ltr'><em>τύχας,</em></span> <span class='ocrx_word' id='word_1_53' title='bbox 591 1912 670 1988; x_wconf 82' lang='grc' dir='ltr'><em>Διὸς</em></span> <span class='ocrx_word' id='word_1_54' title='bbox 703 1911 881 2024; x_wconf 56' lang='lat' dir='ltr'>mepoaoiel</span> <span class='ocrx_word' id='word_1_55' title='bbox 946 1942 948 1946; x_wconf 92' lang='lat'>·</span> 
     </span>
     <span class='ocr_line' id='line_1_15' title="bbox 343 2019 857 2108; baseline 0.002 -21"><span class='ocrx_word' id='word_1_56' title='bbox 343 2019 383 2097; x_wconf 78' lang='grc' dir='ltr'>ὡς</span> <span class='ocrx_word' id='word_1_57' title='bbox 393 2025 521 2105; x_wconf 77' lang='grc' dir='ltr'><strong><em>λέγουσι</em></strong></span> <span class='ocrx_word' id='word_1_58' title='bbox 535 2019 703 2097; x_wconf 66' lang='lat' dir='ltr'>Trinacrios</span> <span class='ocrx_word' id='word_1_59' title='bbox 715 2027 857 2108; x_wconf 74' lang='grc' dir='ltr'><em>κορυφῆς</em></span> 
     </span>
     <span class='ocr_line' id='line_1_16' title="bbox 343 2125 545 2218; baseline 0 -23"><span class='ocrx_word' id='word_1_60' title='bbox 343 2125 428 2218; x_wconf 76' lang='grc' dir='ltr'><em>ὓπερ</em></span> <span class='ocrx_word' id='word_1_61' title='bbox 454 2184 461 2198; x_wconf 94' lang='grc'><strong>.</strong></span> <span class='ocrx_word' id='word_1_62' title='bbox 487 2185 494 2199; x_wconf 95' lang='grc'><strong>.</strong></span> <span class='ocrx_word' id='word_1_63' title='bbox 520 2184 545 2211; x_wconf 92' lang='grc'>.,</span> 
     </span>
     <span class='ocr_line' id='line_1_17' title="bbox 298 2239 857 2306; baseline 0 -2"><span class='ocrx_word' id='word_1_64' title='bbox 298 2239 330 2304; x_wconf 93' lang='lat' dir='ltr'>id</span> <span class='ocrx_word' id='word_1_65' title='bbox 355 2246 407 2305; x_wconf 89' lang='lat' dir='ltr'>est</span> <span class='ocrx_word' id='word_1_66' title='bbox 424 2240 560 2306; x_wconf 89' lang='lat' dir='ltr'>:beatus</span> <span class='ocrx_word' id='word_1_67' title='bbox 584 2239 639 2305; x_wconf 87' lang='lat' dir='ltr'>ille</span> <span class='ocrx_word' id='word_1_68' title='bbox 661 2277 705 2286; x_wconf 91' lang='lat'>-</span> <span class='ocrx_word' id='word_1_69' title='bbox 729 2259 788 2305; x_wconf 91' lang='lat' dir='ltr'>uec</span> <span class='ocrx_word' id='word_1_70' title='bbox 811 2239 857 2304; x_wconf 93' lang='lat' dir='ltr'>in·</span> 
     </span>
     <span class='ocr_line' id='line_1_18' title="bbox 299 2345 857 2413; baseline 0 0"><span class='ocrx_word' id='word_1_71' title='bbox 299 2347 391 2413; x_wconf 91' lang='lat' dir='ltr'>video</span> <span class='ocrx_word' id='word_1_72' title='bbox 422 2345 573 2412; x_wconf 87' lang='lat' dir='ltr'>fortunas</span> <span class='ocrx_word' id='word_1_73' title='bbox 603 2347 672 2412; x_wconf 92' lang='lat' dir='ltr'>eius</span> <span class='ocrx_word' id='word_1_74' title='bbox 696 2385 739 2393; x_wconf 92' lang='lat'>—</span> <span class='ocrx_word' id='word_1_75' title='bbox 762 2347 857 2413; x_wconf 87' lang='lat' dir='ltr'>Jovis</span> 
     </span>
     <span class='ocr_line' id='line_1_19' title="bbox 298 2454 855 2535; baseline 0 -17"><span class='ocrx_word' id='word_1_76' title='bbox 298 2454 444 2535; x_wconf 88' lang='lat' dir='ltr'>aequalis</span> <span class='ocrx_word' id='word_1_77' title='bbox 475 2461 512 2520; x_wconf 91' lang='lat' dir='ltr'>ut</span> <span class='ocrx_word' id='word_1_78' title='bbox 544 2454 664 2520; x_wconf 89' lang='lat' dir='ltr'>dicitur</span> <span class='ocrx_word' id='word_1_79' title='bbox 687 2454 855 2520; x_wconf 63' lang='lat' dir='ltr'>tantalus.</span> 
     </span>
     <span class='ocr_line' id='line_1_20' title="bbox 299 2560 1475 2646; baseline 0 -22"><span class='ocrx_word' id='word_1_80' title='bbox 299 2561 387 2643; x_wconf 83' lang='lat' dir='ltr'>Ergo</span> <span class='ocrx_word' id='word_1_81' title='bbox 412 2560 580 2643; x_wconf 84' lang='lat' dir='ltr'>potentiae</span> <span class='ocrx_word' id='word_1_82' title='bbox 604 2561 709 2645; x_wconf 88' lang='lat' dir='ltr'>gloria</span> <span class='ocrx_word' id='word_1_83' title='bbox 732 2579 858 2642; x_wconf 88' lang='lat' dir='ltr'>semper</span> <span class='ocrx_word' id='word_1_84' title='bbox 913 2565 1002 2646; x_wconf 85' lang='lat' dir='ltr'>Ergo</span> <span class='ocrx_word' id='word_1_85' title='bbox 1026 2561 1177 2643; x_wconf 84' lang='lat' dir='ltr'>potentia</span> <span class='ocrx_word' id='word_1_86' title='bbox 1200 2560 1322 2643; x_wconf 90' lang='lat' dir='ltr'>gloriae</span> <span class='ocrx_word' id='word_1_87' title='bbox 1346 2579 1475 2642; x_wconf 84' lang='lat' dir='ltr'>semper</span> 
     </span>
     <span class='ocr_line' id='line_1_21' title="bbox 299 2667 1473 2737; baseline 0.001 -6"><span class='ocrx_word' id='word_1_88' title='bbox 299 2675 331 2732; x_wconf 87' lang='lat' dir='ltr'>et</span> <span class='ocrx_word' id='word_1_89' title='bbox 367 2687 475 2733; x_wconf 87' lang='lat' dir='ltr'>aurore</span> <span class='ocrx_word' id='word_1_90' title='bbox 509 2673 654 2734; x_wconf 87' lang='lat' dir='ltr'>torretur</span> <span class='ocrx_word' id='word_1_91' title='bbox 688 2675 722 2733; x_wconf 89' lang='lat' dir='ltr'>et</span> <span class='ocrx_word' id='word_1_92' title='bbox 755 2668 857 2736; x_wconf 86' lang='lat' dir='ltr'>livore</span> <span class='ocrx_word' id='word_1_93' title='bbox 914 2689 1022 2737; x_wconf 88' lang='lat' dir='ltr'>amore</span> <span class='ocrx_word' id='word_1_94' title='bbox 1052 2675 1196 2734; x_wconf 85' lang='lat' dir='ltr'>torretur</span> <span class='ocrx_word' id='word_1_95' title='bbox 1226 2677 1260 2733; x_wconf 82' lang='lat' dir='ltr'>et</span> <span class='ocrx_word' id='word_1_96' title='bbox 1282 2667 1384 2734; x_wconf 88' lang='lat' dir='ltr'>livore</span> <span class='ocrx_word' id='word_1_97' title='bbox 1408 2677 1473 2733; x_wconf 89' lang='lat' dir='ltr'>tor-</span> 
     </span>
     <span class='ocr_line' id='line_1_22' title="bbox 297 2775 1471 2859; baseline -0.001 -19"><span class='ocrx_word' id='word_1_98' title='bbox 297 2781 471 2854; x_wconf 86' lang='lat' dir='ltr'>torquetur</span> <span class='ocrx_word' id='word_1_99' title='bbox 483 2775 611 2855; x_wconf 87' lang='lat' dir='ltr'>citoque</span> <span class='ocrx_word' id='word_1_100' title='bbox 623 2775 762 2841; x_wconf 88' lang='lat' dir='ltr'>abscidit</span> <span class='ocrx_word' id='word_1_101' title='bbox 772 2777 857 2854; x_wconf 85' lang='lat' dir='ltr'>quod</span> <span class='ocrx_word' id='word_1_102' title='bbox 914 2783 1043 2859; x_wconf 66' lang='lat' dir='ltr'>quotum</span> <span class='ocrx_word' id='word_1_103' title='bbox 1069 2776 1196 2855; x_wconf 91' lang='lat' dir='ltr'>citoque</span> <span class='ocrx_word' id='word_1_104' title='bbox 1213 2775 1362 2852; x_wconf 82' lang='lat' dir='ltr'>abscidit,</span> <span class='ocrx_word' id='word_1_105' title='bbox 1388 2778 1471 2855; x_wconf 88' lang='lat' dir='ltr'>quod</span> 
     </span>
     <span class='ocr_line' id='line_1_23' title="bbox 299 2881 1473 2967; baseline -0.002 -22"><span class='ocrx_word' id='word_1_106' title='bbox 299 2881 421 2963; x_wconf 84' lang='lat' dir='ltr'>diligit,</span> <span class='ocrx_word' id='word_1_107' title='bbox 457 2885 529 2947; x_wconf 94' lang='lat' dir='ltr'>dum</span> <span class='ocrx_word' id='word_1_108' title='bbox 566 2890 676 2948; x_wconf 89' lang='lat' dir='ltr'>tamen</span> <span class='ocrx_word' id='word_1_109' title='bbox 712 2887 859 2963; x_wconf 90' lang='lat' dir='ltr'>amputet</span> <span class='ocrx_word' id='word_1_110' title='bbox 914 2885 1030 2967; x_wconf 83' lang='lat' dir='ltr'>diligit,</span> <span class='ocrx_word' id='word_1_111' title='bbox 1067 2886 1140 2948; x_wconf 89' lang='lat' dir='ltr'>dum</span> <span class='ocrx_word' id='word_1_112' title='bbox 1176 2888 1286 2948; x_wconf 88' lang='lat' dir='ltr'>tamen</span> <span class='ocrx_word' id='word_1_113' title='bbox 1322 2887 1473 2964; x_wconf 88' lang='lat' dir='ltr'>amputat</span> 
     </span>
     <span class='ocr_line' id='line_1_24' title="bbox 298 2988 1212 3071; baseline 0.001 -18"><span class='ocrx_word' id='word_1_114' title='bbox 298 2988 377 3053; x_wconf 94' lang='lat' dir='ltr'>illud</span> <span class='ocrx_word' id='word_1_115' title='bbox 403 2992 487 3070; x_wconf 84' lang='lat' dir='ltr'>quod</span> <span class='ocrx_word' id='word_1_116' title='bbox 511 2988 588 3054; x_wconf 90' lang='lat' dir='ltr'>odit.</span> <span class='ocrx_word' id='word_1_117' title='bbox 628 2989 778 3070; x_wconf 86' lang='lat' dir='ltr'>Denique</span> <span class='ocrx_word' id='word_1_118' title='bbox 794 3007 858 3054; x_wconf 91' lang='lat' dir='ltr'>om·</span> <span class='ocrx_word' id='word_1_119' title='bbox 913 2993 1002 3070; x_wconf 93' lang='lat' dir='ltr'>illud,</span> <span class='ocrx_word' id='word_1_120' title='bbox 1027 2993 1111 3071; x_wconf 90' lang='lat' dir='ltr'>quod</span> <span class='ocrx_word' id='word_1_121' title='bbox 1135 2991 1212 3055; x_wconf 89' lang='lat' dir='ltr'>odit.</span> 
     </span>
     <span class='ocr_line' id='line_1_25' title="bbox 299 3094 859 3177; baseline 0.003 -16"><span class='ocrx_word' id='word_1_122' title='bbox 299 3096 349 3161; x_wconf 92' lang='lat' dir='ltr'>nis</span> <span class='ocrx_word' id='word_1_123' title='bbox 366 3114 569 3177; x_wconf 88' lang='lat' dir='ltr'>nuncusque</span> <span class='ocrx_word' id='word_1_124' title='bbox 589 3096 736 3177; x_wconf 87' lang='lat' dir='ltr'>potentia</span> <span class='ocrx_word' id='word_1_125' title='bbox 752 3094 859 3160; x_wconf 87' lang='lat' dir='ltr'>nescit</span> 
     </span>
     <span class='ocr_line' id='line_1_26' title="bbox 299 3202 858 3272; baseline -0.002 -5"><span class='ocrx_word' id='word_1_126' title='bbox 299 3202 385 3267; x_wconf 90' lang='lat' dir='ltr'>circa</span> <span class='ocrx_word' id='word_1_127' title='bbox 408 3221 484 3269; x_wconf 88' lang='lat' dir='ltr'>suos</span> <span class='ocrx_word' id='word_1_128' title='bbox 512 3203 697 3272; x_wconf 90' lang='lat' dir='ltr'>diuturnum</span> <span class='ocrx_word' id='word_1_129' title='bbox 726 3221 858 3268; x_wconf 89' lang='lat' dir='ltr'>servare</span> 
     </span>
     <span class='ocr_line' id='line_1_27' title="bbox 298 3308 859 3390; baseline 0 -16"><span class='ocrx_word' id='word_1_130' title='bbox 298 3308 465 3389; x_wconf 81' lang='lat' dir='ltr'>affectum,</span> <span class='ocrx_word' id='word_1_131' title='bbox 505 3317 539 3375; x_wconf 91' lang='lat' dir='ltr'>et</span> <span class='ocrx_word' id='word_1_132' title='bbox 577 3313 661 3390; x_wconf 89' lang='lat' dir='ltr'>quod</span> <span class='ocrx_word' id='word_1_133' title='bbox 700 3309 859 3376; x_wconf 87' lang='lat' dir='ltr'>amaverit</span> 
     </span>
     <span class='ocr_line' id='line_1_28' title="bbox 299 3417 859 3499; baseline 0.002 -19"><span class='ocrx_word' id='word_1_134' title='bbox 299 3417 364 3482; x_wconf 87' lang='lat' dir='ltr'>cito</span> <span class='ocrx_word' id='word_1_135' title='bbox 387 3423 446 3482; x_wconf 90' lang='lat' dir='ltr'>aut</span> <span class='ocrx_word' id='word_1_136' title='bbox 468 3417 605 3483; x_wconf 86' lang='lat' dir='ltr'>zelando</span> <span class='ocrx_word' id='word_1_137' title='bbox 629 3422 778 3499; x_wconf 89' lang='lat' dir='ltr'>amputat</span> <span class='ocrx_word' id='word_1_138' title='bbox 801 3423 859 3482; x_wconf 88' lang='lat' dir='ltr'>aut</span> 
     </span>
     <span class='ocr_line' id='line_1_29' title="bbox 298 3522 859 3590; baseline 0 -2"><span class='ocrx_word' id='word_1_139' title='bbox 298 3522 495 3589; x_wconf 81' lang='lat' dir='ltr'>fastidiendo</span> <span class='ocrx_word' id='word_1_140' title='bbox 518 3523 688 3590; x_wconf 89' lang='lat' dir='ltr'>horrescit.</span> <span class='ocrx_word' id='word_1_141' title='bbox 724 3524 801 3588; x_wconf 94' lang='lat' dir='ltr'>Ideo</span> <span class='ocrx_word' id='word_1_142' title='bbox 825 3530 859 3588; x_wconf 88' lang='lat' dir='ltr'>et</span> 
     </span>
     <span class='ocr_line' id='line_1_30' title="bbox 298 3630 859 3711; baseline 0 -16"><span class='ocrx_word' id='word_1_143' title='bbox 298 3631 394 3696; x_wconf 87' lang='lat' dir='ltr'>Attin</span> <span class='ocrx_word' id='word_1_144' title='bbox 440 3630 504 3696; x_wconf 91' lang='lat' dir='ltr'>dici</span> <span class='ocrx_word' id='word_1_145' title='bbox 550 3631 724 3698; x_wconf 91' lang='lat' dir='ltr'>voluerunt</span> <span class='ocrx_word' id='word_1_146' title='bbox 766 3630 859 3711; x_wconf 90' lang='lat' dir='ltr'>quasi</span> 
     </span>
     <span class='ocr_line' id='line_1_31' title="bbox 300 3737 857 3815; baseline 0.004 -13"><span class='ocrx_word' id='word_1_147' title='bbox 300 3743 391 3815; x_wconf 86' lang='lat' dir='ltr'>etou;</span> <span class='ocrx_word' id='word_1_148' title='bbox 425 3743 497 3804; x_wconf 88' lang='lat' dir='ltr'>etos</span> <span class='ocrx_word' id='word_1_149' title='bbox 532 3737 616 3803; x_wconf 90' lang='lat' dir='ltr'>enim</span> <span class='ocrx_word' id='word_1_150' title='bbox 651 3737 756 3804; x_wconf 80' lang='lat' dir='ltr'>Grece</span> <span class='ocrx_word' id='word_1_151' title='bbox 786 3756 857 3804; x_wconf 90' lang='lat' dir='ltr'>con·</span> 
     </span>
     <span class='ocr_line' id='line_1_32' title="bbox 298 3843 858 3928; baseline 0.004 -19"><span class='ocrx_word' id='word_1_152' title='bbox 298 3846 436 3911; x_wconf 89' lang='lat' dir='ltr'>suetudo</span> <span class='ocrx_word' id='word_1_153' title='bbox 452 3843 579 3910; x_wconf 88' lang='lat' dir='ltr'>dicitur.</span> <span class='ocrx_word' id='word_1_154' title='bbox 599 3844 688 3928; x_wconf 85' lang='lat' dir='ltr'>Ergo</span> <span class='ocrx_word' id='word_1_155' title='bbox 705 3850 858 3927; x_wconf 91' lang='lat' dir='ltr'>quantus·</span> 
     </span>
     <span class='ocr_line' id='line_1_33' title="bbox 299 3951 1537 4045; baseline 0.003 -30"><span class='ocrx_word' id='word_1_156' title='bbox 299 3968 433 4032; x_wconf 89' lang='lat' dir='ltr'>cumque</span> <span class='ocrx_word' id='word_1_157' title='bbox 467 3971 558 4018; x_wconf 90' lang='lat' dir='ltr'>amor</span> <span class='ocrx_word' id='word_1_158' title='bbox 592 3951 636 4017; x_wconf 86' lang='lat' dir='ltr'>sit</span> <span class='ocrx_word' id='word_1_159' title='bbox 659 3952 857 4033; x_wconf 85' lang='lat' dir='ltr'>potentibus,</span> <span class='ocrx_word' id='word_1_160' title='bbox 1536 3959 1537 4045; x_wconf 72' lang='lat' dir='ltr'>l</span> 
     </span>
     <span class='ocr_line' id='line_1_34' title="bbox 299 4057 738 4128; baseline 0.009 -5"><span class='ocrx_word' id='word_1_161' title='bbox 299 4057 431 4125; x_wconf 89' lang='lat' dir='ltr'>stabilis</span> <span class='ocrx_word' id='word_1_162' title='bbox 454 4077 527 4124; x_wconf 87' lang='lat' dir='ltr'>esse</span> <span class='ocrx_word' id='word_1_163' title='bbox 550 4078 615 4125; x_wconf 92' lang='lat' dir='ltr'>non</span> <span class='ocrx_word' id='word_1_164' title='bbox 638 4059 738 4128; x_wconf 88' lang='lat' dir='ltr'>novit.</span> 
     </span>
    </p>
   </div>
   <div class='ocr_carea' id='block_1_3' title="bbox 299 4202 1468 4501">
    <p class='ocr_par' dir='ltr' id='par_1_3' title="bbox 299 4191 1536 4506">
     <span class='ocr_line' id='line_1_35' title="bbox 406 4202 1467 4287; baseline 0.002 -20"><span class='ocrx_word' id='word_1_165' title='bbox 406 4202 506 4270; x_wconf 88' lang='lat' dir='ltr'>Vides</span> <span class='ocrx_word' id='word_1_166' title='bbox 538 4205 640 4270; x_wconf 91' lang='lat' dir='ltr'>verba</span> <span class='ocrx_word' id='word_1_167' title='bbox 673 4204 902 4286; x_wconf 86' lang='lat' dir='ltr'>mythographi</span> <span class='ocrx_word' id='word_1_168' title='bbox 925 4203 1075 4271; x_wconf 83' lang='lat' dir='ltr'>Vaticani</span> <span class='ocrx_word' id='word_1_169' title='bbox 1100 4203 1267 4287; x_wconf 85' lang='lat' dir='ltr'>Fulgentii</span> <span class='ocrx_word' id='word_1_170' title='bbox 1299 4205 1467 4272; x_wconf 89' lang='lat' dir='ltr'>verborum</span> 
     </span>
     <span class='ocr_line' id='line_1_36' title="bbox 299 4309 1468 4406; baseline 0.001 -33"><span class='ocrx_word' id='word_1_171' title='bbox 299 4309 396 4374; x_wconf 86' lang='lat' dir='ltr'>turba</span> <span class='ocrx_word' id='word_1_172' title='bbox 420 4310 513 4375; x_wconf 76' lang='lat' dir='ltr'>obrui</span> <span class='ocrx_word' id='word_1_173' title='bbox 536 4311 657 4391; x_wconf 84' lang='lat' dir='ltr'>vixque</span> <span class='ocrx_word' id='word_1_174' title='bbox 682 4330 855 4392; x_wconf 84' lang='lat' dir='ltr'>apparere;</span> <span class='ocrx_word' id='word_1_175' title='bbox 881 4329 972 4391; x_wconf 88' lang='lat' dir='ltr'>quem</span> <span class='ocrx_word' id='word_1_176' title='bbox 999 4311 1256 4393; x_wconf 82' lang='lat' dir='ltr'>mythographus</span> <span class='ocrx_word' id='word_1_177' title='bbox 1280 4311 1307 4376; x_wconf 89' lang='lat' dir='ltr'>si</span> <span class='ocrx_word' id='word_1_178' title='bbox 1334 4311 1468 4406; x_wconf 79' lang='lat' dir='ltr'>cxscrip-</span> 
     </span>
     <span class='ocr_line' id='line_1_37' title="bbox 299 4415 1467 4501; baseline 0.002 -19"><span class='ocrx_word' id='word_1_179' title='bbox 299 4417 408 4496; x_wconf 87' lang='lat' dir='ltr'>sisset,</span> <span class='ocrx_word' id='word_1_180' title='bbox 433 4415 575 4484; x_wconf 83' lang='lat' dir='ltr'>fortasse</span> <span class='ocrx_word' id='word_1_181' title='bbox 600 4417 764 4484; x_wconf 88' lang='lat' dir='ltr'>omisisset</span> <span class='ocrx_word' id='word_1_182' title='bbox 788 4421 915 4484; x_wconf 80' lang='lat' dir='ltr'>Graeca</span> <span class='ocrx_word' id='word_1_183' title='bbox 939 4425 973 4482; x_wconf 90' lang='lat' dir='ltr'>et</span> <span class='ocrx_word' id='word_1_184' title='bbox 995 4420 1096 4484; x_wconf 88' lang='lat' dir='ltr'>verba</span> <span class='ocrx_word' id='word_1_185' title='bbox 1111 4419 1300 4501; x_wconf 88' lang='lat' dir='ltr'>scriptorem</span> <span class='ocrx_word' id='word_1_186' title='bbox 1325 4417 1467 4499; x_wconf 83' lang='lat' dir='ltr'>laudata,</span> 
     </span>
    </p>
   </div>
   <div class='ocr_carea' id='block_1_4' title="bbox 0 0 1556 5254">
    <p class='ocr_par' dir='ltr' id='par_1_4' title="bbox 0 0 1556 5254">
     <span class='ocr_line' id='line_1_38' title="bbox 0 0 1556 5254; baseline 0 0"><span class='ocrx_word' id='word_1_187' title='bbox 0 0 1556 5254; x_wconf 95' lang='lat' dir='ltr'> </span> 
     </span>
    </p>
   </div>
  </div>
 </body>
</html>
